% This file was created with JabRef 2.10b2.
% Encoding: Cp1252


@Conference{Bureau::2011,
  Title                    = {Non fatal occupational injuries and illnesses requiring days away from work, 2010},
  Author                   = {\mbox{Bureau of Labor Statistics}},
  Booktitle                = {US Department of Labor, Bureau of Labor Statistics},
  Year                     = {2011},

  Address                  = {Washington, DC}
}

@PhdThesis{demagistris:phdthesis:2013,
  Title                    = {Etude et conception de la commande de mannequins virtuels dynammiques pour l'evaluation ergonomique des postes de travail},
  Author                   = {Giovanni \mbox{De Magistris}},
  School                   = {Universite Pierre et Marie Curie},
  Year                     = {2013},

  Address                  = {Paris, France},
  Month                    = {December},
  Type                     = {Mecanique - Robotique},

  File                     = {:demagistris_phdthesis_2013.pdf:PDF},
  Owner                    = {Giovanni},
  Timestamp                = {2014.09.11}
}

@Article{DeMagistris:thesis:2013,
  Title                    = {Dynamic Digital Human Model control design for the assessment of the workstation ergonomy},
  Author                   = {G. \mbox{De Magistris}},
  Journal                  = {PhD Thesis - Pierre and Marie Curie University},
  Year                     = {2013}
}

@Conference{DeMagistris:isdhm:2011,
  Title                    = {Dynamic virtual manikin control design for the assessment of the workstation ergonomy},
  Author                   = {G. \mbox{De Magistris} and A. Micaelli and C. Andriot and J. Savin and J. Marsot},
  Booktitle                = {First International Symposium on Digital Human Modeling},
  Year                     = {2011},

  Address                  = {Lyon}
}

@Article{DeMagistris:ijie:2013,
  Title                    = {Dynamic control of DHM for ergonomic assessments},
  Author                   = {G. \mbox{De Magistris} and A. Micaelli and P. Evrard and C. Andriot and J. Savin and C. Gaudez and J. Marsot},
  Journal                  = {International Journal of Industrial Ergonomics},
  Year                     = {2013},
  Pages                    = {170-180},
  Volume                   = {43}
}

@Article{DeMagistris:ijcg:2014,
  Title                    = {A human-like learning control for digital human models in a physics-based virtual environment},
  Author                   = {G. \mbox{De Magistris} and A. Micaelli and P. Evrard and J. Savin},
  Journal                  = {The Visual Computer: International Journal of Computer Graphics, Springer},
  Year                     = {2014},
  Volume                   = {In press}
}

@Article{magistris:vc:2014,
  Title                    = {A human-like learning control for digital human mmodel in a physics-based virtual environment},
  Author                   = {Giovanni \mbox{De Magistris} and Alain Micaelli and Paul Evrard and Jonathan Savin},
  Journal                  = {The Visual Computer - International Journal of Computer Graphics},
  Year                     = {2014},

  Month                    = {26 April},

  Date-modified            = {2014-08-29 10:52:10 +0000},
  Owner                    = {Giovanni},
  Publisher                = {Springer-Verlag Berlin Heidelberg},
  Timestamp                = {2014.09.11}
}

@Conference{DeMagistris:idhm:2013,
  Title                    = {Dynamic Digital Human Model for ergonomic assessment based on human-like behaviour and requiring a reduced set of data for a simulation},
  Author                   = {G. \mbox{De Magistris} and A. Micaelli and J. Savin and C. Gaudez and J. Marsot},
  Booktitle                = {Second International Digital Human Model Symposium 2013},
  Year                     = {2013},

  Address                  = {Ann Arbor, USA}
}

@Conference{Abe:siggraph:2007,
  Title                    = {Multiobjective control with frictional contacts},
  Author                   = {Y. Abe and M. Da Silva and J. Popovi\'c},
  Booktitle                = {Proc. ACM SIGGRAPH/EG Symposium on Computer Animation},
  Year                     = {2007},

  Address                  = {Aire-la-Ville, Switzerland},
  Pages                    = {249-258}
}

@Article{adamczyk:jxpbio:2006,
  Title                    = {The advantages of a rolling foot in human walking},
  Author                   = {P.G. Adamczyk and S.H. Collins and A.D. Kuo},
  Journal                  = {The Journal of Experimental Biology},
  Year                     = {2006},

  Month                    = {october},
  Pages                    = {3953-3963},
  Volume                   = {209 (Pt 20)},

  Owner                    = {Giovanni},
  Timestamp                = {2014.09.11}
}

@Article{fukushima:tsice:2014,
  Title                    = {Gait Stabilization of Passive Dynamic Walking by Foot Shape Optimization},
  Author                   = {Toshihiko Fukushima and Kazuyuki Hyodo and Michihiro Kawanishi and Tatsuo Narikiyo},
  Journal                  = {Transactions of the Society of Instrument and Control Engineers},
   Volume                   = {50},
  Number                    = {1},
  Pages                    = {51-57},
   Year                     = {2014},
   doi={10.9746/sicetr.50.51}
}

@Article{AFNOR:e09-001:2010,
  Title                    = {NF E09-001, NF EN ISO 12100 : Sécurité des machines - Principes généraux de conception - Appréciation du risque et réduction du risque},
  Author                   = {AFNOR},
  Journal                  = {AFNOR (La Plaine St-Denis)},
  Year                     = {2010}
}

@Article{AFNOR:en1005-5:2008,
  Title                    = {NF EN 1005-5 - Safety of machinery - Human physical performance - Part 4: Evaluation of working postures and movements in relation to machinery},
  Author                   = {AFNOR},
  Journal                  = {AFNOR (La Plaine St-Denis)},
  Year                     = {2008}
}

@Article{AFNOR:iso15536:2008,
  Title                    = {NF EN ISO 15536 : Ergonomie - Mannequins informatisés et gabarits humains - Partie 1 : Exigences générales},
  Author                   = {AFNOR},
  Journal                  = {AFNOR (La Plaine St-Denis)},
  Year                     = {2008}
}

@Article{AFNOR:en1005-5:2007,
  Title                    = {NF EN 1005-5 - Sécurité des machines - Performance physique humaine - Partie 5 : appréciation du risque relatif à la manutention répétitive à fréquence élevée},
  Author                   = {AFNOR},
  Journal                  = {AFNOR (La Plaine St-Denis)},
  Year                     = {2007}
}

@Article{AFNOR:iso15536:2007,
  Title                    = {NF EN ISO 15536 : Ergonomie - Mannequins informatisés et gabarits humains - Partie 2 : Vérification des fonctions et validation des dimensions pour les systèmes de mannequins informatisés},
  Author                   = {AFNOR},
  Journal                  = {AFNOR (La Plaine St-Denis)},
  Year                     = {2007}
}

@Article{AFNOR:en1005-4:2005,
  Title                    = {NF EN 1005-4 - Sécurité des machines - Performance physique humaine - Partie 4},
  Author                   = {AFNOR},
  Journal                  = {AFNOR (Paris)},
  Year                     = {2005},
  Pages                    = {19}
}

@Article{AFNOR:en1005-2:2003,
  Title                    = {NF EN 1005-2 - Sécurité des machines - Performance physique humaine - Partie 2 : manutention manuelle de machines et d'éléments de machines},
  Author                   = {AFNOR},
  Journal                  = {AFNOR (La Plaine St-Denis)},
  Year                     = {2003}
}

@InProceedings{agravante:icra:2014,
  Title                    = {Collaborative human-humanoid carrying using vision and haptic sensing},
  Author                   = {Don Joven Agravante and Andrea Cherubini and Antoine Bussy and Pierre Gergondet and Abderahmane Kheddar},
  Booktitle                = {IEEE International Conference on Robotics and Automation},
  Year                     = {2014},

  Address                  = {Hong Kong, China},
  Month                    = {31 May - 7 June},
  Pages                    = {607-612},

  Date-added               = {2014-09-04 10:30:34 +0000},
  Date-modified            = {2014-09-04 10:36:45 +0000},
  Owner                    = {Giovanni},
  Timestamp                = {2014.09.11}
}

@InProceedings{yamane:humanoids:2009,
  Title                    = {Effect of foot shape on locomotion of active biped robots},
  Author                   = {Katsu Yamane and Laura Trutoiu},
  Booktitle                = {IEEE-RAS International Conference on Humanoid Robots},
  Year                     = {2009},
  Address                  = {Paris, France},
  Month                    = {7-10 December},
  Pages                    = {230-236},
}

@Article{akcelik:jphis:2005,
  Title                    = {Adjoint methods for electromagnetic shape optimization of the low-loss cavity for the International Linear Collider},
  Author                   = {V. Akcelik and G. Biros and O. Ghattas and D. Keyes and K. Ko and L.-Q. Lee and E. G. Ng},
  Journal                  = {Computers \& Fluids},
  Year                     = {2005},
  Number                   = {1},
  Pages                    = {435-445},
  Volume                   = {16}
}

@Article{alart:esaim:1993,
  Title                    = {Crit\`{e}res d'injectivit\'{e} et de surjectivit\'{e} pour certaines applications de $\mathbb{R}^n$ dans lui-m\^{e}me; application \`{a} la m\'{e}canique du contact},
  Author                   = {Alart, Pierre},
  Journal                  = {ESAIM: Mathematical Modelling and Numerical Analysis - Mod\'{e}lisation Math\'{e}matique et Analyse Num\'{e}rique},
  Year                     = {1993},
  Number                   = {2},
  Pages                    = {203-222},
  Volume                   = {27},

  Keywords                 = {nondifferentiable continuous mappings; Clarke's generalized Jacobian; homotopy approach; uniqueness conditions; contact problems with friction},
  Language                 = {fre},
  Publisher                = {EDP Sciences},
  Url                      = {http://eudml.org/doc/193701}
}

@Book{allaire:cos:2007,
  Title                    = {Conception optimale de structures},
  Author                   = {Gregoire Allaire},
  Publisher                = {Springer-Verlag Berlin Heidelberg},
  Year                     = {2007}
}

@Conference{Ames:cdc:2007,
  Title                    = {A geometric approach to three-dimensional hipped bipedal robotic walking},
  Author                   = {A. Ames and R. Gregg and M. Spong},
  Booktitle                = {46th IEEE Conference on Decision and Control},
  Year                     = {2007},
  Pages                    = {5123-5130}
}

@Article{Anderson:job:2001,
  Title                    = {Static and dynamic optimization solutions for gait are practically equivalent},
  Author                   = {F.C. Anderson and M.G. Pandy},
  Journal                  = {Journal of Biomechanics},
  Year                     = {2001},
  Pages                    = {153-161},
  Volume                   = {34}
}

@Article{Anderson:jobe:2001,
  Title                    = {Dynamic optimization of human walking},
  Author                   = {F.C. Anderson and M.G. Pandy},
  Journal                  = {Journal of Biomechanical Engineering},
  Year                     = {2001},
  Pages                    = {381-390},
  Volume                   = {123}
}

@Article{Anderson:cmbbe:1999,
  Title                    = {A dynamic optimization solution for vertical jumping in three dimensions},
  Author                   = {F.C. Anderson and Pandy, M.G.},
  Journal                  = {Computer Methods in Biomechanics and Biomechanical Engineering},
  Year                     = {1999},
  Pages                    = {201-231},
  Volume                   = {2}
}

@Article{Andreiev77,
  Title                    = {A Process Controller that Adapts to Signal and Process Conditions},
  Author                   = {N. Andreiev},
  Journal                  = {Control Engineering},
  Year                     = {1977},
  Volume                   = {38}
}

@Conference{Andreoni09,
  Title                    = {Method for Movement and Gesture Assessment (MMGA) in Ergonomics},
  Author                   = {G. Andreoni and M. Mazzola and O. Ciana and M. Zambetti and M. Romero and F. Costa and E. Preatoni},
  Booktitle                = {Duffy V.G., éditeur. Digital Human Modeling, Springer Berlin Heidelberg},
  Year                     = {2009},

  Address                  = {SanDiego, USA},
  Pages                    = {591-598}
}

@Conference{Andreoni11,
  Title                    = {Ergonomic assessment of reaching tasks: a comparison between real and virtual human},
  Author                   = {G. Andreoni and M. Mazzola and E. Orso},
  Booktitle                = {First International Symposium on Digital Human Modeling},
  Year                     = {2011},

  Address                  = {Lyon, France}
}

@Article{anitescu:cmape:1998,
  Title                    = {Time-stepping for threedimensal rigid body dynamics},
  Author                   = {M. Anitescu and F. Potra and D. Stewart},
  Journal                  = {Computer Methods in Applied Mechanics and Engineering},
  Year                     = {1998},

  Owner                    = {Giovanni},
  Timestamp                = {2014.09.12}
}


@Article{alart:cmame:1991,
  Title                    = {Time-stepping for threedimensal rigid body dynamics},
  Author                   = {Pierre Alart and Alain Curnier},
  Journal                  = {Computer Methods in Applied Mechanics and Engineering},
  Volume = {92},
  Number ={3},
  Month = {November},
  Year                     = {1991},
  Pages = {353-375},
  Owner                    = {kheddar}
}

@Conference{Annarumma08,
  Title                    = {Methodology development of human task simulation as PLM solution related to OCRA ergonomic analysis},
  Author                   = {M. Annarumma and M. Pappalardo and A. Naddeo},
  Booktitle                = {Computer-Aided Innovation (CAI) - IFIP 20th World Computer Congress, Proceedings of the Second Topical Session on Computer-Aided Innovation},
  Year                     = {2008},

  Address                  = {Milano, Italy},
  Pages                    = {19-29}
}

@Article{Aptel11,
  Title                    = {Les troubles musculosquelettiques du membre supérieur (TMS-MS) : Guide pour les préventeurs},
  Author                   = {M. Aptel and F. Cail and A. Aublet-Cuvelier },
  Journal                  = {INRS ED 957 Edition},
  Year                     = {2011},
  Pages                    = {94},
  Volume                   = {2nd edition}
}

@Article{Arimoto84,
  Title                    = {Bettering operation of robots by learning},
  Author                   = {S. Arimoto and S. Kawamura and F. Miyazaki},
  Journal                  = {Journal of Robotic Systems},
  Year                     = {1984},
  Pages                    = {123–140},
  Volume                   = {1}
}

@Article{Arndt06,
  Title                    = {THE DIGITAL FACTORY Planning and simulation of production in automotive industry},
  Author                   = {F.W. Arndt},
  Journal                  = {Informatics in Control, Automation and Robotics I},
  Year                     = {2006},
  Pages                    = {27-29}
}

@Article{arora:strmultiopt:2005,
  Title                    = {Review of formulations for structural and mechanical system optimization},
  Author                   = {J.S. Arora and Q. Wang},
  Journal                  = {Structural and Multidisciplinary Optimization},
  Year                     = {2005},
  Number                   = {4},
  Pages                    = {251-272},
  Volume                   = {30},

  Doi                      = {10.1007/s00158-004-0509-6},
  ISSN                     = {1615-147X},
  Keywords                 = {Nested analysis and design (NAND) optimization; Simultaneous analysis and design (SAND) optimization; Mathematical programs with equilibrium constraints (MPEC); PDE-constrained optimization},
  Language                 = {English},
  Owner                    = {sylvain},
  Publisher                = {Springer-Verlag},
  Timestamp                = {2015.05.19},
  %Url                      = {http://dx.doi.org/10.1007/s00158-004-0509-6}
}

@Article{Arzi97,
  Title                    = {Methods Engineering : Using Rapid Prototype and Virtual Reality techniques},
  Author                   = {Y. Arzi},
  Journal                  = {Human Factors and Ergonomics in Engineering},
  Year                     = {1997},
  Pages                    = {79-95},
  Volume                   = {7}
}

@Article{Askew81,
  Title                    = {Functional evaluation of the elbow. Normal motion requirements and strength determinations},
  Author                   = {L. J. Askew and K. N. An and B. F. Morrey and E. Y. Chao},
  Journal                  = {Orthop. Trans.},
  Year                     = {1981},
  Pages                    = {5-304}
}

@Article{Astrom77,
  Title                    = {Theory and Application of Self-Tuning Regulators},
  Author                   = {K.J. Astrom and U. Borrison and B. Wittenmark},
  Journal                  = {Automatica},
  Year                     = {1977},
  Pages                    = {457-476},
  Volume                   = {13}
}

@Article{Atkeson85,
  Title                    = {Kinematic features of unrestrained vertical arm movements},
  Author                   = {C.G. Atkeson and J.M. Hollerbach},
  Journal                  = {Journal of Neuroscience},
  Year                     = {1985},
  Pages                    = {2318-2330},
  Volume                   = {5}
}

@Article{Ayoub74,
  Title                    = {A biomechanical model for the upper extremity using optimization techniques},
  Author                   = {M.A. Ayoub and M.M. Ayoub and A.G. Walvekar},
  Journal                  = {Human Factors},
  Year                     = {1974},
  Pages                    = {585-594},
  Volume                   = {16}
}

@Conference{Badler97,
  Title                    = {Virtual humans for animation, ergonomics, and simulation},
  Author                   = {N.I. Badler},
  Booktitle                = {IEEE workshop on non-rigid and articulates motion},
  Year                     = {1997},
  Pages                    = {28-36}
}

@Article{Badler93,
  Title                    = {Simulating Humans: Computer Graphics, Animation, and Control},
  Author                   = {N.I. Badler and C.B. Phillips and B.L. Webber},
  Journal                  = {Oxford University Press},
  Year                     = {1993}
}

@Article{Bean88,
  Title                    = {Biomechanical model calculation of muscle contraction forces: a double linear programming method},
  Author                   = {J.C. Bean and D.B. Chaffin and A.B. Schultz},
  Journal                  = {Journal of Biomechanics},
  Year                     = {1988},
  Pages                    = {59-66},
  Volume                   = {21}
}

@Article{Berlin09,
  Title                    = {Corporate-internal vs. national standard – A comparison study of two ergonomics evaluation procedures used in automotive manufacturing},
  Author                   = {C. Berlin and B. Örtengren and D. Lämkull and L. Hanson},
  Journal                  = {International Journal of Industrial Ergonomics},
  Year                     = {2009},
  Pages                    = {940-946},
  Volume                   = {39}
}

@Book{Bernard97,
  Title                    = {Musculoskeletal Disorders and Workplace Factors. A Critical Review of Epidemiologic Evidence for Work-Related Musculoskeletal Disorders of the Neck, Upper Extremity, and Low Back},
  Author                   = {B.P. Bernard},
  Publisher                = {NIOSH},
  Year                     = {1997}
}

@Book{Bernstein67,
  Title                    = {The coordination and regulation of movement},
  Author                   = {N.A. Bernstein},
  Publisher                = {Master's thesis Graduate College of The University of Iowa. Tech. rep.},
  Year                     = {2004}
}

@Book{Berthoz97,
  Title                    = {Le sens du mouvement},
  Author                   = {A. Berthoz},
  Publisher                = {Edition Odile Jacob},
  Year                     = {1997}
}

@Article{betts:jgcdyn:1998,
  Title                    = {Survey of Numerical Methods for Trajectory Optimization},
  Author                   = {J. T. Betts},
  Journal                  = {Journal of Guidance Control and Dynamics},
  Year                     = {1998},
  Number                   = {2},
  Pages                    = {193-207},
  Volume                   = {21}
}

@Conference{Bien98,
  Title                    = {Iterative learning control: analysis, design, integration and applications},
  Author                   = {Z. Bien and J.X. Xu},
  Booktitle                = {Kluwer Academic Publishers Norwell},
  Year                     = {1998},

  Address                  = {MA, USA}
}

@Article{Bizzi92,
  Title                    = {Does the nervous system use equilibrium-point control to guide single and multiple movements?},
  Author                   = {E. Bizzi and N. Hogan and F.A. Mussa-Ivaldi and S.F. Giszter},
  Journal                  = {Behavioral and Brain Sciences},
  Year                     = {1992},
  Pages                    = {603-613},
  Volume                   = {15}
}

@Article{Bizzi98,
  Title                    = {Neural basis of motor and its cognitive implications},
  Author                   = {E. Bizzi and F.A. Mussa-Ivaldi},
  Journal                  = {Trands in Cognitive Sciences},
  Year                     = {1998},
  Pages                    = {97-102},
  Volume                   = {2}
}

@Article{Bongers06,
  Title                    = {Epidemiology of work-related neck and upper limb problems : Psychosocial and personal risk factors (part I) and effective intervention from a biobehavorial perspective (part II)},
  Author                   = {P.J. Bongers and S. Ijmker and S. Van der Heuvel and B.M Blatter},
  Journal                  = {Journal of occupational Rehabilitation},
  Year                     = {2006},
  Pages                    = {272-302},
  Volume                   = {16}
}

@Book{bonnet:FEM:2005,
  Title                    = {Analyse des solides d\'{e}formables par la m\'{e}thode des \'{e}l\'{e}ments finis},
  Author                   = {Marc Bonnet and Attilio Frangi},
  Publisher                = {Ecole Polytechnique, d\'{e}partement de M\'{e}canique},
  Year                     = {2005}
}

@Book{Bonnet2014,
  Title                    = {The finite element method in solid mechanics},
  Author                   = {Bonnet, Marc and Frangi, Attilio and Rey, Christian},
  Publisher                = {McGraw Hill Education},
  Year                     = {2014},

  __markedentry            = {[sylvain:6]},
  Hal_id                   = {hal-01083772},
  Hal_version              = {v1},
  Owner                    = {sylvain},
  Pages                    = {365},
  Timestamp                = {2015.05.20},
  Url                      = {https://hal.archives-ouvertes.fr/hal-01083772}
}

@Book{Bourgeois00,
  Title                    = {Troubles musculosquelettiques et travail : Quand la santé interroge l’organisation},
  Author                   = {F. Bourgeois and C. Lemarchand and F. Hubault and A. Polin},
  Publisher                = {Collection outils et méthodes - Editions anact},
  Year                     = {2000}
}

@Conference{Bouyarmane10,
  Title                    = {Static multi-contact inverse problem for multiple humanoid robots and manipulated objects},
  Author                   = {K. Bouyarmane and A. Kheddar},
  Booktitle                = {10th IEEE-RAS International Conference on Humanoid Robots (Humanoids)},
  Year                     = {2010},
  Pages                    = {8-13}
}

@Conference{Bradwell08,
  Title                    = {A tutorial on motion capture driven character animation},
  Author                   = {B. Bradwell and B. Li},
  Booktitle                = {Eight IASTED International Conference Visualization, Imaging, and Image Processing},
  Year                     = {2008},

  Address                  = {Palma de Mallorca}
}

@Article{Bretl08,
  Title                    = {Testing static equilibrium for legged robots},
  Author                   = {T. Bretl and S. Lall},
  Journal                  = {IEEE Transactions on Robotics},
  Year                     = {2008},
  Pages                    = {794-807},
  Volume                   = {24}
}

@Article{bro-nielsen:cg:1996,
  Title                    = {Real-time volumetric deformable models for surgery simulation using finite elements and condensation},
  Author                   = {Bro-Nielsen, Morten and Cotin, Stephane},
  Journal                  = {Computer Graphics Forum (Eurographics'96)},
  Year                     = {1996},
  Pages                    = {17},
  Volume                   = {15}
}

@Article{Bruderlin89,
  Title                    = {Goal-directed, dynamic animation of human walking},
  Author                   = {A. Bruderlin and T.W. Calvert},
  Journal                  = {Computer Graphics},
  Year                     = {1989},
  Pages                    = {233-242},
  Volume                   = {23}
}

@Conference{bruneau:icirs:2001,
  Title                    = {Dynamic walk of a bipedal robot having flexible feet},
  Author                   = {O. Bruneau and F. B. Ouezdou and J.-G. Fontaine},
  Booktitle                = {IEEE/RSJ International Conference on Intelligent Robots and Systems},
  Year                     = {2001},

  Address                  = {Maui, USA},
  Month                    = {29 October},
  Pages                    = {512-517},
  Publisher                = {IEEE},
  Volume                   = {1},

  Owner                    = {Giovanni},
  Timestamp                = {2014.09.11}
}

@Article{Buchli11,
  Title                    = {Learning Variable Impedance Control},
  Author                   = {J. Buchli and F. Stulp and E. Theodorou and S. Schaal},
  Journal                  = {The International Journal of Robotics},
  Year                     = {2011},
  Pages                    = {820-833},
  Volume                   = {30}
}

@Conference{Buchli10,
  Title                    = {Reinforcement learning of full-body humanoid motor skills},
  Author                   = {J. Buchli and E. Theodorou and S. Schaal},
  Booktitle                = {10th IEEE-RAS International Conference on Humanoid Robots (Humanoids)},
  Year                     = {2010},
  Pages                    = {405-410}
}

@Article{Buckle02,
  Title                    = {The nature of work-related neck and upper limb musculoskeletal disorders},
  Author                   = {P.W. Buckle and J.J. Devereux},
  Journal                  = {Applied Ergonomics},
  Year                     = {2002},
  Pages                    = {202-217},
  Volume                   = {33}
}

@Article{Burdet01,
  Title                    = {The central nervous system stabilizes unstable dynamics by learning optimal impedance},
  Author                   = {E. Burdet and R. Osu and D.W. Franklin and T.E. Milner and M. Kawato},
  Journal                  = {Nature},
  Year                     = {2001},
  Pages                    = {446-449},
  Volume                   = {414}
}

@Article{Burdet98,
  Title                    = {Stability and motor adaptation in human arm movements},
  Author                   = {E. Burdet and K. P. Tee and I. Mareels and T. E. Milner and C. Chew and D. W. Franklin and R. Osu and M. Kawato},
  Journal                  = {Biological Cybernetics},
  Year                     = {1998},
  Pages                    = {20-32},
  Volume                   = {94}
}

@InProceedings{bussy:iros:2012,
  Title                    = {Human-humanoid haptic joint object transportation case study},
  Author                   = {Antoine Bussy and Abderrahmane Kheddar and Andr{\'e} Crosnier and Fran\c{c}ois Keith},
  Booktitle                = {IEEE/RSJ International Conference on Intelligent Robots and Systems},
  Year                     = {2012},

  Address                  = {Vilamoura, Portugal},
  Month                    = {7-12 October},
  Pages                    = {3633-3638},

  Date-added               = {2014-09-04 06:04:05 +0000},
  Date-modified            = {2014-09-04 06:56:58 +0000},
  Owner                    = {Giovanni},
  Timestamp                = {2014.09.11}
}

@Conference{Byun91,
  Title                    = {A Computer Simulation Using a Multivariate Biomechanical Posture Prediction Model for Manual Material Handling Tasks},
  Author                   = {S.N. Byun},
  Booktitle                = {Unpublished doctoral dissertation},
  Year                     = {1991},

  Address                  = {The University of Michigan, Ann Arbor, MI},

  Date-added               = {2007-09-06 11:28:24 +0200},
  Date-modified            = {2007-09-06 11:29:24 +0200}
}

@Article{Cote02,
  Title                    = {Movement reorganization to compensate for fatigue during sawing},
  Author                   = {J.N. Côté and P.A. Mathieu and M.F. Levin and A.G. Feldman},
  Journal                  = {Experimental Brain Research},
  Year                     = {2002},
  Pages                    = {394-398},
  Volume                   = {146}
}

@Article{Cote08,
  Title                    = {The burden and determinants of neck pain in workers},
  Author                   = {P. Côté and G. Van-der-Velde and J.D. Cassidy and L.J. Carrol and S. Hogg-Johnson and L.W. Holm and E.J. Carragee and S. Haldeman and M. Nordin and E.L. Hurwitz and J. Guzman and P.M. Peloso},
  Journal                  = {European Spine Journal},
  Year                     = {2008},
  Pages                    = {60-74},
  Volume                   = {33}
}

@Conference{Cail10,
  Title                    = {OREGE, un outil d'analyse pertinent pour l'évaluation des contraintes biomécaniques dans des situations de travail variées},
  Author                   = {F. Cail and A. Aublet-Cuvelier and G. Reno},
  Booktitle                = {WDPI 2010: The First Scientific Conference on Work Disability Prevention and Integration},
  Year                     = {2010},

  Address                  = {Angers, France}
}

@Article{Castillo97,
  Title                    = {Run-to-run process control: literature review and extensions},
  Author                   = {E.D. Castillo},
  Journal                  = {J. Qual. Technol.},
  Year                     = {1997},
  Pages                    = {184-196},
  Volume                   = {29}
}

@Article{ENISO14738,
  Title                    = {Safety of machinery - Anthropometric requirements for the design of workstations at machinery},
  Author                   = {CEN},
  Journal                  = {European standard EN ISO 14738:2008},
  Year                     = {2008}
}

@Article{Cesari01,
  Title                    = {Analysis of kinematically redundant reaching movements using the equilibrium-point hypothesis},
  Author                   = {P. Cesari and T. Shiratori and P. Olivato and M. Duarte},
  Journal                  = {Biological Cybernetics},
  Year                     = {2001},
  Pages                    = {217-226},
  Volume                   = {84}
}

@Article{Chaffin07,
  Title                    = {Human motion simulation for vehicle and workplace design},
  Author                   = {D.B. Chaffin},
  Journal                  = {Human Factors and Ergonomics in Manufacturing},
  Year                     = {2007},
  Pages                    = {475-484},
  Volume                   = {17}
}

@Conference{Chaffin01,
  Title                    = {Digital Human Modeling for Vehicle and Workplace Design},
  Author                   = {D.B. Chaffin},
  Booktitle                = {SAE},
  Year                     = {2001},

  Address                  = {Warrendale,PA}
}

@Article{Chaffin97,
  Title                    = {Development of Computerized Human Static Strength Simulation Model for Job Design},
  Author                   = {D.B. Chaffin},
  Journal                  = {Human Factors and Ergonomics in Manufacturing},
  Year                     = {1997},
  Pages                    = {305-322}
}

@Article{Chaffin91,
  Title                    = {Three-dimensional biomechanical static strength prediction model sensitivity to postural and anthropometric inaccuracies},
  Author                   = {D.B. Chaffin and M. Erig},
  Journal                  = {IIE Transactions},
  Year                     = {1991},
  Pages                    = {215-227},
  Volume                   = {23}
}

@Article{Chaffin00,
  Title                    = {Stature, age, and gender effects on reach motion postures},
  Author                   = {D.B. Chaffin and J.J. Faraway and X. Zhang and C.B Woolley},
  Journal                  = {Human Factors},
  Year                     = {2000},
  Pages                    = {408-420},
  Volume                   = {42}
}

@Article{Chaffin05,
  Title                    = {Improving digital human modelling for proactive ergonomics in design},
  Author                   = {D. B. Chaffin},
  Journal                  = {Ergonomics},
  Year                     = {2005},
  Pages                    = {478-491},
  Volume                   = {48}
}

@Conference{Chardonnet08,
  Title                    = {Interactive dynamic simulator for humanoid with haptic feedback},
  Author                   = {J.-R. Chardonnet and F. Keith and A. Kheddar and K. Yokoi and F. Pierrot},
  Booktitle                = {17th CISM-IFToMM Symposium on Robot Design, Dynamics and Control},
  Year                     = {2008},

  Address                  = {Tokyo, Japan},
  Pages                    = {317-324},

  Owner                    = {Giovanni},
  Timestamp                = {2014.09.11}
}

@Conference{Chardonnet06,
  Title                    = {Dynamic simulator for humanoids using constraint-based method with static friction},
  Author                   = {J.-R. Chardonnet and S. Miossec and A. Kheddar and H. Arisumi and H. Hirukawa and F. Pierrot and K. Yokoi},
  Booktitle                = {IEEE International Conference on Robotics and Biomimetics},
  Year                     = {2006},

  Address                  = {Kunming, China},
  Month                    = {December},
  Pages                    = {1366-1371},

  Owner                    = {Giovanni},
  Timestamp                = {2014.09.11}
}

@Article{Chassaing04,
  Title                    = {Vers une compréhension de la construction de la gestuelle des tôliers d'une entreprise automobile},
  Author                   = {K. Chassaing},
  Journal                  = {Pistes},
  Year                     = {2004},
  Volume                   = {6}
}

@Article{Cheah98,
  Title                    = {Learning impedance control for robotic manipulators},
  Author                   = {C.C. Cheah and D. Wang},
  Journal                  = {IEEE Transactions on Robotics and Automation},
  Year                     = {1998},
  Pages                    = {452-465},
  Volume                   = {14}
}

@Article{Chedmail02,
  Title                    = {Etat de l'art sur l'accessibilité et l'étude de l'ergonomie en réalité virtuelle},
  Author                   = {P. Chedmail and B. Maille and E. Ramstein},
  Journal                  = {Mécanique \& Industries},
  Year                     = {2002},
  Pages                    = {147-152},
  Volume                   = {3}
}

@Conference{Chen11,
  Title                    = {Clustering of trajectories based on Hausdorff distance},
  Author                   = {J. Chen and R. Wang and L. Liu and J. Song},
  Booktitle                = {International Conference on Electronics, Communications and Control (ICECC)},
  Year                     = {2011},
  Pages                    = {1940-1944}
}

@Article{Chevallereau09,
  Title                    = {Asymptotically stable walking of a Five-link underactuated 3-d bipedal robot},
  Author                   = {C. Chevallereau and J. Grizzle and C.L. Shih},
  Journal                  = {IEEE Transactions on Robotics},
  Year                     = {2009},
  Pages                    = {37-50},
  Volume                   = {25}
}

@Article{Chevalier98,
  Title                    = {Anatomie, tome 2 : l'appareil locomoteur},
  Author                   = {J.M. Chevallier},
  Journal                  = {Broché, flammarion médecine édition},
  Year                     = {1998}
}

@Conference{choi:icra:2004,
  Title                    = {On the stability of indirect {ZMP} controller for biped robot systems},
  Author                   = {Youngjin Choi and Bum-Jae You and Sang-Rok Oh},
  Booktitle                = {IEEE International Conference on Robotics and Automation},
  Year                     = {2004},

  Address                  = {Sendai, Japan},
  Month                    = {september 28 - october 2},
  Pages                    = {1966-1971},

  Date-modified            = {2014-08-29 10:41:52 +0000},
  File                     = {:choi_icra_2004.pdf:PDF},
  Owner                    = {Giovanni},
  Timestamp                = {2014.09.11}
}

@Article{Ciriello01,
  Title                    = {Psychophysical study of six hand movements},
  Author                   = {V. M. Ciriello and S. H. Snook and B. S. Webster and P. Dempsey},
  Journal                  = {Ergonomics},
  Year                     = {2001},
  Pages                    = {922-936},
  Volume                   = {44}
}

@Article{Claudon08,
  Title                    = {La révolution du numérique : un atout pour concevoir des postes de travail plus sûrs},
  Author                   = {L. Claudon and B. Daille-Lefèvre and J. Marsot},
  Journal                  = {Hygiène et Sécurité du Travail - Note Documentaire ND 2282},
  Year                     = {2006},
  Pages                    = {5-13},
  Volume                   = {210}
}

@Article{Clot05,
  Title                    = {Analyse psychologique du mouvement : apport à la compréhension des TMS},
  Author                   = {Y. Clot and G. Fernandez},
  Journal                  = {Activités},
  Year                     = {2005},
  Volume                   = {2}
}

@Article{Cole88,
  Title                    = {Kinematics and control of multifingered hands with rolling contact},
  Author                   = {A. Cole and J. Hauser and S. Sastry},
  Journal                  = {IEEE International Conference on Robotics and Automation},
  Year                     = {1988},
  Pages                    = {228-233},
  Volume                   = {1}
}

@Article{Colette09,
  Title                    = {commande dynamique d'humains virtuels : équilibre robuste et gestion de tâches},
  Author                   = {C. Colette},
  Journal                  = {Thèse de Doctorat, Université Pierre et Marie Curie},
  Year                     = {2009}
}

@Conference{Colette08,
  Title                    = {Robust balance optimization control of humanoid robots with multiple non coplanar grasps and frictional contacts},
  Author                   = {C. Colette and A. Micaelli and C. Andriot and P. Lemerle},
  Booktitle                = {IEEE International Conference on Robotics and Automation},
  Year                     = {2008},

  Address                  = {Pasadena, USA},
  Pages                    = {3187-3193}
}

@Conference{Colette07,
  Title                    = {Dynamic balance control of humanoids for multiple grasps and non coplanar frictional contacts},
  Author                   = {C. Colette and A. Micaelli and C. Andriot and P. Lemerle},
  Booktitle                = {7th IEEE-RAS International Conference on Humanoid Robots},
  Year                     = {2007},

  Address                  = {Pittsburgh, PA},
  Pages                    = {81-88}
}

@Conference{Commuri96,
  Title                    = {Adaptive-Fuzzy Logic Control of Robot Manipulators},
  Author                   = {S. Commuri and F.L. Lewis},
  Booktitle                = {IEEE International Conference on Robotics and Automation},
  Year                     = {1996},

  Address                  = {Minneapolis, MN},
  Pages                    = {2604-2609},
  Volume                   = {3}
}

@Article{Conditt97,
  Title                    = {The Motor System does not Learn the Dynamics of the Arm by Rote Memorisation of Past Experience},
  Author                   = {M.A. Conditt and F. Gandolfo and F.A. Mussa-Ivaldi},
  Journal                  = {Journal of Neurophysiology},
  Year                     = {1997},
  Pages                    = {554-560},
  Volume                   = {78}
}

@Article{Coros10,
  Title                    = {Generalized biped walking control},
  Author                   = {S. Coros and P. Beaudoin and M. Van-De-Panne},
  Journal                  = {ACM Transactions on Graphics},
  Year                     = {2010},
  Pages                    = {1–9},
  Volume                   = {29}
}

@Article{Crowninshield81,
  Title                    = {A physiologically based criterion of muscle force prediction in locomotion},
  Author                   = {R.D. Crowninshield and R.A. Brand},
  Journal                  = {Journal of Biomechanics},
  Year                     = {1981},
  Pages                    = {793-801},
  Volume                   = {14}
}

@Article{Damsgaard06,
  Title                    = {Analysis of musculoskeletal systems in the AnyBody modelling system},
  Author                   = {M. Damsgaard and J. Rasmussen and S. T. Christensen and E. Surma and M. D. Zee},
  Journal                  = {Simulation Modelling Practice and Theory},
  Year                     = {2006},
  Pages                    = {1100-1111},
  Volume                   = {14}
}

@Article{Damsgard06,
  Title                    = {Analysis of musculoskeletal systems in the AnyBody modelling system},
  Author                   = {M. Damsgaard and J. Rasmussen and S. T. Christensen and E. Surma and M. D. Zee},
  Journal                  = {Simulation Modelling Practice and Theory},
  Year                     = {2006},
  Pages                    = {1100�1111},
  Volume                   = {14}
}

@Article{dang:jaircraft:2010,
  Title                    = {Optimization and Postbuckling Analysis of Curvilinear-Stiffened Panels Under Multiple-Load Cases},
  Author                   = {T. D. Dang and R. K. Kapania and W. C. H. Slemp and M. Bhatia and S. P. Gurav},
  Journal                  = {Journal of Aircraft},
  Year                     = {2010},
  Number                   = {5},
  Pages                    = {1656-1671},
  Volume                   = {47}
}

@Article{DaSilva08,
  Title                    = {Simulation of Human Motion Data using Short-Horizon Model-Predictive Control},
  Author                   = {M. Da-Silva and Y. Abe and J. Popovi\'c},
  Journal                  = {Computer Graphics Forum},
  Year                     = {2008},
  Pages                    = {371-380},
  Volume                   = {27}
}

@Article{Daubas98,
  Title                    = {TMS et évolution des conditions de travail, les actes du séminaire Paris 98},
  Author                   = {V. Daubas-Letourneux and F. Bourgeois and F. Daniellou},
  Journal                  = {Anact, réseau Editions},
  Year                     = {1998}
}

@Conference{david:humanoids:2008,
  Title                    = {Study of an external passive shock-absorbing mechanism for walking robots},
  Author                   = {Anthony David and Jean-R{\'e}my Chardonnet and Abderrahmane Kheddar and Kenji Kaneko and Kazuhito Yokoi},
  Booktitle                = {IEEE/RAS International conference on Humanoid Robots},
  Year                     = {2008},

  Address                  = {Daejeon, Republic of Korea},
  Month                    = {November},
  Pages                    = {435-440},

  Date-modified            = {2014-08-29 10:43:09 +0000},
  File                     = {:david_ichr_2008.pdf:PDF},
  Owner                    = {Giovanni},
  Timestamp                = {2014.09.11}
}

@Article{Davids01,
  Title                    = {An integrative modeling approach to the study of intentional movement behavior},
  Author                   = {K. Davids and A.M. Williams and C. Button and M. Court},
  Journal                  = {Singer RN, Hausenblas H, Jannelle C (editors): Handbook of Sport Psychology (2nd edition)},
  Year                     = {2001},

  Address                  = {New York, NY: John Wiley}
}

@Article{Delisle02,
  Title                    = {\'{E}tude cinématique de diverses méthodes de manipulation de la souris d'ordinateur},
  Author                   = {A. Delisle and B. Santos and Y. Montpetit and D. Imbeau},
  Journal                  = {Rapport R-311},
  Year                     = {2002},
  Pages                    = {35 pages}
}

@Article{Dempster67,
  Title                    = {Properties of body segments based on size and weight},
  Author                   = {W.T. Dempster and G.R.L. Gaughran},
  Journal                  = {American Journal of Anatomy},
  Year                     = {1967},
  Pages                    = {33-54},
  Volume                   = {120}
}

@Article{desideri:jcphy:2007,
  Title                    = {Nested and self-adaptive Bezier parameterizations for shape optimization},
  Author                   = {J.-A. Desideri and B. A. El Majd and A. Janka},
  Journal                  = {Journal of Computational Physics},
  Year                     = {2007},
  Number                   = {14},
  Pages                    = {117-131},
  Volume                   = {224}
}

@Article{Desjardins98,
  Title                    = {Sensitivity analysis of segment models to estimate the net reaction moments at the L5/S1 joint in lifting},
  Author                   = {P. Desjardins and A. Plamondon and M. Gagnon},
  Journal                  = {Medical Engineering \& Physics},
  Year                     = {1998},
  Pages                    = {153-158},
  Volume                   = {20}
}

@Conference{Diedam08,
  Title                    = {Online walking gait generation with adaptive foot positioning through linear model predictive control},
  Author                   = {H. Diedam and D. Dimitrov and P.B. Wieber and K. Mombaur and M. Diehl},
  Booktitle                = {IEEE/RSJ International Conference on Intelligent Robots and Systems (IROS)},
  Year                     = {2008},
  Pages                    = {1121-1126}
}

@Article{Doya00,
  Title                    = {Coplementary roles of basal ganglia and cerebellum in learning and motor control},
  Author                   = {K. Doya},
  Journal                  = {Current Opinion in Neurobiology},
  Year                     = {2000},
  Pages                    = {732-739},
  Volume                   = {10}
}

@Article{Dukic07,
  Title                    = {Evaluation of ergonomics in a virtual manufacturing process},
  Author                   = {T. Dukic and M. Ronang and M. Christmansson},
  Journal                  = {Journal of Engineering Design},
  Year                     = {2007},
  Pages                    = {125-137},
  Volume                   = {18}
}

@Article{Dul84,
  Title                    = {Muscle synergism-II. A minimum-fatigue criterion for load sharing between synergistic muscles},
  Author                   = {J. Dul and G.E. Johnson and R. Shiavi and M.A. Townsend},
  Journal                  = {Journal of Biomechanics},
  Year                     = {1984},
  Pages                    = {675-684},
  Volume                   = {17}
}

@Article{duriez:thesis:2004,
  Title                    = {Contact frottant entre objets d\'{e}formables dans des simulations temps-r\'{e}el avec retour haptique},
  Author                   = {Christian Duriez},
  Journal                  = {PhD Thesis - Universit\'{e} d'Evry},
  Year                     = {2004}
}

@Article{duriez:tvcg:2006,
  Title                    = {Realistic haptic rendering of interacting deformable objects in virtual environments},
  Author                   = {C Duriez and F Dubois and A Kheddar and C Andriot},
  Journal                  = {IEEE Transactions on Visualization and Computer Graphics},
  Year                     = {2006},
  Number                   = {1},
  Pages                    = {36-47},
  Volume                   = {12},

  Owner                    = {Giovanni},
  Timestamp                = {2014.09.22}
}

@Article{Dysart96,
  Title                    = {Posture prediction for static sagittal-plane lifting},
  Author                   = {M.J. Dysart and J.C. Woldstad},
  Journal                  = {Journal of Biomechanics},
  Year                     = {1996},
  Pages                    = {1393-1397},
  Volume                   = {29}
}

@Conference{Ekvall07,
  Title                    = {Learning and Evaluation of the Approach Vector for Automatic Grasp Generation and Planning},
  Author                   = {S. Ekvall and D. Kragic},
  Booktitle                = {IEEE International Conference on Robotics and Automation},
  Year                     = {2007},
  Pages                    = {4715-4720}
}

@Article{mikkawy:aml:2006,
  Title                    = {Inversion of general tridiagonal matrices},
  Author                   = {Moawwad El-Mikkawy and Abdelrahman Karawia},
  Journal                  = {Applied Mathematics Letter},
  Year                     = {2006},
  Pages                    = {712-720},
  Volume                   = {19},

  Date-modified            = {2014-08-29 10:52:48 +0000},
  File                     = {:mikkawy_elsevier_2006.pdf:PDF},
  Owner                    = {Giovanni},
  Timestamp                = {2014.09.11}
}

@Article{Escande08,
  Title                    = {Planification de points d'appui pour la génération de mouvements acycliques : application aux humanoïdes},
  Author                   = {A. Escande},
  Journal                  = {Thèse de doctorat, Université d'Evry-Val d'Esonne},
  Year                     = {2008}
}

@Conference{Escande10,
  Title                    = {Fast resolution of hierarchized inverse kinematics with inequality constraints},
  Author                   = {A. Escande and N. Mansard and P.B. Wieber},
  Booktitle                = {IEEE International Conference on Robotics and Automation (ICRA)},
  Year                     = {2010},
  Pages                    = {3733-3738}
}

@Article{espiga:ces:1989,
  Title                    = {Shape optimization of elastic homogeneous 2D bodies by the boundary element method},
  Author                   = {F. Espiga and L. Gracia and M. Doblare},
  Journal                  = {Computers and Structures},
  Year                     = {1989},
  Number                   = {5},
  Pages                    = {1233},
  Volume                   = {33}
}

@Article{EUDirective06,
  Title                    = {EU Directive on machinery - Directive 2006/42/EC of the European Parliament and of the Council of 17 May 2006 on machinery},
  Author                   = {EU},
  Journal                  = {Official Journal of the European Union},
  Year                     = {2006},

  Url                      = {http://eur-lex.europa.eu/LexUriServ/LexUriServ.do?uri=OJ:L:2006:157:0024:0086:EN:PDF}
}

@Article{Falck12,
  Title                    = {What are the obstacles and needs of proactive ergonomics measures at early product development stages? – An interview study in five Swedish companies},
  Author                   = {A. Falck and M. Rosenqvist},
  Journal                  = {International Journal of Industrial Ergonomics},
  Year                     = {2012},
  Pages                    = {406-415},
  Volume                   = {42}
}

@Conference{Faloutsos01,
  Title                    = {Composable controller for physics-based character animation},
  Author                   = {P. Faloutsos and M. van de Panne and D. Terzopoulos},
  Booktitle                = {Computer Graphics Proceedings SIGGRAPH},
  Year                     = {2001},
  Pages                    = {251-260}
}

@Article{Faraway97,
  Title                    = {Regression analysis for a functional response},
  Author                   = {J.J. Faraway},
  Journal                  = {Technometrics},
  Year                     = {1997},
  Pages                    = {254-261},
  Volume                   = {39}
}

@Article{Feldman66,
  Title                    = {Functional tuning of the nervous system with control of movement or maintenance of a steady posture: Controllable parameters of the muscle},
  Author                   = {A.G. Feldman},
  Journal                  = {Biophysics},
  Year                     = {1966},
  Pages                    = {565-578},
  Volume                   = {11}
}

@Article{Feldman95,
  Title                    = {The origin and use of positional frames of references in motor control},
  Author                   = {A.G. Feldman and M.F. Levin},
  Journal                  = {Behavioral and Brain Sciences},
  Year                     = {1995},
  Pages                    = {723-745},
  Volume                   = {18}
}

@Article{felis:jcs:2013,
  Title                    = {Modeling and identification of emotional aspects of locomotion},
  Author                   = {Martin L. Felis and Katja Mombaur and Hideki Kadone and Alain Berthoz},
  Journal                  = {Journal of Computational Science},
  Year                     = {2013},
  Pages                    = {255-261},
  Volume                   = {4},

  Date-added               = {2014-09-04 10:25:13 +0000},
  Date-modified            = {2014-09-04 10:28:34 +0000},
  Owner                    = {Giovanni},
  Timestamp                = {2014.09.11}
}

@Book{Feynman05,
  Title                    = {The Feynman Lectures on Physics including Feynman's Tips on Physics: The Definitive and Extended Edition},
  Author                   = {R.P. Feynman and R.B. Leighton and M. Sands},
  Editor                   = {Addison Wesley},
  Publisher                = {Addison Wesley},
  Year                     = {2005},

  Owner                    = {Giovanni},
  Timestamp                = {2014.09.18}
}

@Article{Fitts54,
  Title                    = {The information capacity of the human motor system in controlling the amplitude of movement},
  Author                   = {P.M. Fitts},
  Journal                  = {Journal of Experimental Psychology},
  Year                     = {1954},
  Pages                    = {381-391},
  Volume                   = {47}
}

@Article{Flanagan01,
  Title                    = {the inertial anisotropy of the arm is accurately predicted during movement planning},
  Author                   = {J.R. Flanagan and S. Lolley},
  Journal                  = {Journal of Neuroscience},
  Year                     = {2001},
  Pages                    = {1361-1369},
  Volume                   = {21}
}

@Article{Flanagan93,
  Title                    = {Modulation of grip force with load force during point-to-point arm movements},
  Author                   = {J.R. Flanagan and A.M. Wing},
  Journal                  = {Experimental Brain research},
  Year                     = {1993},
  Pages                    = {131-143},
  Volume                   = {95}
}

@Article{Flash87,
  Title                    = {The control of hand equilibrium trajectories in multijoint arm movements},
  Author                   = {T. Flash},
  Journal                  = {Biological Cybernetics},
  Year                     = {1987},
  Pages                    = {257-274},
  Volume                   = {57}
}

@Article{Flash85,
  Title                    = {The coordination of arm movements: an experimentally confirmed mathematical model},
  Author                   = {T. Flash and N. Hogan},
  Journal                  = {Journal of Neuroscience},
  Year                     = {1985},
  Pages                    = {1688-1703},
  Volume                   = {7}
}

@Conference{fontaine:iros:2001,
  Title                    = {Dynamic walk of a bipedal robot having flexible feet},
  Author                   = {Jean-Guy Fontaine and Olivier Bruneau and Fethi Ben-Ouezdou},
  Booktitle                = {IEEE/RSJ International Conference on Intelligent Robots and Systems},
  Year                     = {2001},

  Address                  = {Maui, Hawai, USA},
  Month                    = {octoberr 29 - november 03},
  Pages                    = {512-517},

  Date-modified            = {2014-08-29 10:43:43 +0000},
  Owner                    = {Giovanni},
  Timestamp                = {2014.09.11}
}

@Article{Urbatic07,
  Title                    = {Une approche innovante de l'ergonomie},
  Author                   = {Urbatic Concept France},
  Journal                  = {Ergonoma Journal},
  Year                     = {2007},
  Pages                    = {22-23},
  Volume                   = {48}
}

@Article{Franklin08,
  Title                    = {CNS learns stable, accurate, and efficient movements using a simple algorithm},
  Author                   = {D. Franklin and E. Burdet and R. Osu and K. Tee and C. Chew and T. Milner and M. Kawato},
  Journal                  = {J Neuroscience},
  Year                     = {2008},
  Pages                    = {11165-11173},
  Volume                   = {28}
}

@Article{Franklin03,
  Title                    = {Adaptation to stable and unstable dynamics achieved by combined impedance control and inverse dynamics model},
  Author                   = {D.W. Franklin and R. Osu and E. Burdet and M. Kawato and T.E. Milner},
  Journal                  = {J Neurophysiology},
  Year                     = {2003},
  Pages                    = {3270-3282},
  Volume                   = {90}
}

@Article{Fritzsche11,
  Title                    = {Introducing EMA (Editor for Manual work Activities) – A New Tool for Enhancing Accuracy and Efficiency of Human Simulations},
  Author                   = {L. Fritzsche and R. Jerndrusch and W. Leidholdt and S. Bauer and T. Jäckel and A. Pirger},
  Journal                  = {Digital Production Planning, «Digital Human Modeling, Lecture Notes in Computer Science»},
  Year                     = {2011},
  Pages                    = {272-281},
  Volume                   = {6777, V.G. Duffy Éd.}
}

@Conference{fujiwara:iros:2002,
  Title                    = {Ukemi: Falling motion control to minimize damage to biped humanoid robot},
  Author                   = {K. Fujiwara and F. Kanehiro and S. Kajita and K. Kaneko and K. Yokoi and H. Hirukawa},
  Booktitle                = {IEEE International Conference on Intelligent Robots and Systems},
  Year                     = {2002},

  Address                  = {Lausanne, Switzerland},
  Month                    = {October},
  Pages                    = {2521-2526},

  Owner                    = {Giovanni},
  Timestamp                = {2014.09.11}
}

@Article{Gabbard11,
  Title                    = {The inability to mentally represent action may be associated with performance deficits in children with developmental coordination disorder},
  Author                   = {C. Gabbard and T. Bobbio},
  Journal                  = {International Journal of Neuroscience},
  Year                     = {2011},
  Pages                    = {113-120},
  Volume                   = {121}
}

@Conference{Ganesh10,
  Title                    = {Biomimetic motor behavior or simultaneous adaptation of force, impedance and trajectory in interaction tasks},
  Author                   = {G. Ganesh and A. Albu-Schaeffer and M. Haruno and M. Kawato and E. Burdet},
  Booktitle                = {IEEE International Conference on Robotics and Automation},
  Year                     = {2010},

  Address                  = {Anchorage, Alaska, USA}
}

@Conference{Gaudez08,
  Title                    = {Upper limb musculo-skeletal disorders and insert fitting activity in automobile sector: impact on muscular stresses of fitting method and insert position on part},
  Author                   = {C. Gaudez},
  Booktitle                = {Computer Methods in Biomechanics and Biomedical Engineering},
  Year                     = {2008},
  Pages                    = {101-102},
  Volume                   = {11}
}

@Article{Gaudez08b,
  Title                    = {Les mécanismes neurophysiologiques du mouvement, base pour la compréhension du geste},
  Author                   = {C. Gaudez and M. Aptel},
  Journal                  = {Le Travail Humain},
  Year                     = {2008},
  Pages                    = {385-404},
  Volume                   = {71}
}

@Book{Gibson66,
  Title                    = {The senses considered as perceptual systems},
  Author                   = {J.J. Gibson},
  Publisher                = {Houghton Mifflin},
  Year                     = {1966},

  Address                  = {Boston}
}

@Article{Golliot00,
  Title                    = {Navigation réactive d’humanoïdes virtuels par planification locale},
  Author                   = {G. Golliot},
  Journal                  = {Projet BUNRAKU}
}

@Conference{Gomes99,
  Title                    = {MANERCOS, a new tool providing ergonomics in a concurrent engineering design life cycle},
  Author                   = {S. Gomes and J.C. Sagot and A. Koukam and N. Leroy},
  Booktitle                = {4th Annual Scientific Conference on Web Technology, New Media, communications and Telematics. Theory, Methods, Tools and Applications, EUROMEDIA 99},
  Year                     = {1999},

  Address                  = {Munich},
  Pages                    = {237-241}
}

@Article{Gomi98,
  Title                    = {Task-dependent viscoelasticity of human multijoint arm and its spatial characteristics for interaction with environments},
  Author                   = {H. Gomi and R. Osu},
  Journal                  = {Journal of Neuroscience},
  Year                     = {1998},
  Pages                    = {8965-8978},
  Volume                   = {18}
}

@Article{Gomi98a,
  Title                    = {Temporal firing patterns of Purkinje cells in the cerebellar ventral paraflocculus during ocular following responses in Monkeys II. Complex spikes},
  Author                   = {H. Gomi and M. Shidara and A. Takemura and Y. Inoue and K. Kawano and M. Kawato},
  Journal                  = {Journal of Neurophysiology},
  Year                     = {1998},
  Pages                    = {832-848},
  Volume                   = {80}
}

@Article{Gribble00,
  Title                    = {Compensation for loads during arm movement using equilibrium-point control},
  Author                   = {P.L. Gribble and D.J. Ostry},
  Journal                  = {Experimental Brain Research},
  Year                     = {2000},
  Pages                    = {474-482},
  Volume                   = {135}
}

@Article{Gribble99,
  Title                    = {Compensation for interaction torques during single and multijoint limb movement},
  Author                   = {P.L. Gribble and D.J. Ostry},
  Journal                  = {Journal of Neurophysiology},
  Year                     = {1999},
  Pages                    = {2310-2326},
  Volume                   = {82}
}

@Conference{Grossman04,
  Title                    = {Pointing at trivariate targets in 3D environments},
  Author                   = {T. Grossman and R. Balakrishnan},
  Booktitle                = {SIGCHI Conference on Human Factors in Computing Systems},
  Year                     = {2004},

  Address                  = {New York},
  Pages                    = {447-454}
}

@Article{Haddadin09,
  Title                    = {Requirements for safe robots: Measurements, analysis \& new insights},
  Author                   = {S. Haddadin and A. Albu-Schäffer and G. Hirzinger},
  Journal                  = {International Journal on Robotics Research},
  Year                     = {2009},
  Pages                    = {1507-1527},
  Volume                   = {28}
}

@Article{Haesen09,
  Title                    = {Betterlift - Introducing a semi-automaic exhaust manipulator to reduce a high absenteeism rate},
  Author                   = {B. Haesen},
  Journal                  = {Int Assessment, elimination and subsuntial reduction of occupational risks - European Agency for Safety and Health at Work (Eu-OSHA)},
  Year                     = {2009},
  Pages                    = {36-43}
}

@Article{haftka:cmamae:1985,
  Title                    = {Structural shape optimization -- A survey},
  Author                   = {R. T. Haftka and R. V. Grandhi},
  Journal                  = {Computer Methods in Applied Mechanics and Engineering},
  Year                     = {1985},
  Number                   = {1},
  Pages                    = {91-106},
  Volume                   = {57}
}

@Conference{han:aiaa:2011,
  Title                    = {An Evolutionary Geometry Parametrization for Aerodynamic Shape Optimization},
  Author                   = {X. Han and D. W. Zingg},
  Booktitle                = {AIAA-2011-3536},
  Year                     = {2011}
}

@Article{Hanavan64,
  Title                    = {A Mathematical model of the human body},
  Author                   = {E.P. Hanavan},
  Journal                  = {Wright-Patterson Air Force Base},
  Year                     = {1964},
  Pages                    = {64-102},
  Volume                   = {Report No. AMRL-TR-102},

  Address                  = {Ohio}
}

@Conference{Harada04,
  Title                    = {Dynamical balance of a humanoid robot grasping an environment},
  Author                   = {K. Harada and H. Hirukawa and F. Kanehiro and K. Fujiwara and K. Kaneko and S. Kajita and M. Nakamura},
  Booktitle                = {IEEE/RSJ International Conference on Intelligent Robots and Systems (IROS)},
  Year                     = {2004},
  Pages                    = {1167-1173},
  Volume                   = {2}
}

@Article{harada:ijhr:2004,
  Title                    = {An analytical Method on Real-time Gait Planning for a Humanoid Robot},
  Author                   = {Kensuke Harada and Shuuji Kajita and Kenji Kaneko and Hirohisa Hirukawa},
  Journal                  = {International Journal of Humanoid Robotics},
  Year                     = {2004},

  Month                    = {october 8},

  Owner                    = {Giovanni},
  Timestamp                = {2014.09.11}
}

@Article{Harada06,
  Title                    = {Dynamics and balance of a humanoid robot during manpulation tasks},
  Author                   = {K. Harada and S. Kajita and K. Kanko and H. Hirukawa},
  Journal                  = {IEEE Transaction on Robotics},
  Year                     = {2006},
  Pages                    = {568-575},
  Volume                   = {22}
}

@Article{Harada07,
  Title                    = {Real-time planning of humanoid robot's gait for force-controlled manipulation},
  Author                   = {K. Harada and F. Kanehiro and K. Fujiwara and K. Kaneko and K. Yokoi and H. Hirukawa},
  Journal                  = {IEEE/ASME Transactions on Mechatronics},
  Year                     = {2007},
  Pages                    = {53-62},
  Volume                   = {12}
}

@Conference{harada:iros:2009,
  Title                    = {Toward human-like Walking Pattern generator},
  Author                   = {Kensuke Harada and Kanako Miura and Mitsuharu Morisawa and Kenji Kaneko and Shin'ichiro Nakaoka and Fumio Kanehiro and Tokuo Tsuji and Shuuji Kajita},
  Booktitle                = {IEEE/RSJ International Conference on Intelligent Robots and Systems},
  Year                     = {2009},

  Address                  = {St. Louis, USA},
  Month                    = {October 11 - 15},
  Pages                    = {1071-1077},

  Date-modified            = {2014-08-29 10:43:58 +0000},
  Owner                    = {Giovanni},
  Timestamp                = {2014.09.11}
}

@Article{Hardt78,
  Title                    = {Determining muscle forces in the leg during normal human walking — an application and evaluation of optimization methods},
  Author                   = {D.E. Hardt},
  Journal                  = {Journal of Biomechanical Engineering},
  Year                     = {1978},
  Pages                    = {72-78},
  Volume                   = {100}
}

@misc{FreeFem++,
  author = {F. Hecht and O. Pironneau and K. Ohtsuka},
  title = {{FreeFem++ Manual}},
  howpublished = "\url{http://www.freefem.org/ff++/ftp/old-v1/full-ff++-manual.pdf}",
  year = {2004}
}

@Article{wieber:ar:2010,
  Title                    = {Online Walking Motion Generation with Automatic Foot Step Placement},
  Author                   = {Andrei Herdt and Holger Diedam and Pierre-Brice Wieber and Dimitar Dimitrov and Katja Mombaur and Moritz Diehl},
  Journal                  = {Advanced Robotics},
  Year                     = {2010},
  Number                   = {5-6},
  Pages                    = {719-737},
  Volume                   = {24},

  Date-modified            = {2014-08-29 10:54:26 +0000},
  Owner                    = {Giovanni},
  Timestamp                = {2014.09.11}
}

@Article{Higginson06,
  Title                    = {Muscle contributions to support during gait in an indiviual with post-stroke hemiparesis},
  Author                   = {J.S. Higginson and F.E. Zajac and R.R. Neptune and S.A. Kautz and S.L. Delp},
  Journal                  = {Journal of Biomechanics},
  Year                     = {2006},
  Pages                    = {1769-1777},
  Volume                   = {39}
}

@Article{Hignett00,
  Title                    = {Rapid Entire Body Assessment (REBA)},
  Author                   = {S. Hignett and L. MacAtamney},
  Journal                  = {Applied Ergonomics},
  Year                     = {2000},
  Pages                    = {201-205},
  Volume                   = {31}
}

@Article{Hill38,
  Title                    = {The heat of shortening and the dynamic constants of muscle},
  Author                   = {A.V. Hill},
  Journal                  = {Proceedings of the Royal Society of London},
  Year                     = {1938},
  Pages                    = {136-195},
  Volume                   = {B126}
}

@Conference{hirai:icra;1998,
  Title                    = {The development of honda humanoid robot},
  Author                   = {K. Hirai and M. Hirose and Y. Haikawa and T. Takenaka},
  Booktitle                = {IEEE International Conference on Robotics and Automation},
  Year                     = {1998},

  Address                  = {Leuven, Belgium},
  Month                    = {May},
  Pages                    = {1321-1326},
  Publisher                = {IEEE},
  Volume                   = {2},

  Owner                    = {Giovanni},
  Timestamp                = {2014.09.11}
}

@Conference{Hirukawa06,
  Title                    = {A universal stability creterion of the foot contact of leggd robots - adios zmp},
  Author                   = {H. Hirukawa and S. Hattori and K. Harada and S. Kajita and K. Kaneko and F. Kanehiro and K. Fujiwara and M. Morisawa},
  Booktitle                = {IEEE Internation Conference on Robotics and Automation},
  Year                     = {2006},
  Pages                    = {1976-1983}
}

@InBook{hogan:springer:1990,
  Title                    = {Multiple muscle systems: Biomechanics and movement organization},
  Author                   = {Neville Hogan},
  Chapter                  = {Mechanical Impedance of Single- and Multi-Articular Systems},
  Editor                   = {J. M. Winters and S.L. Woo},
  Pages                    = {149-164},
  Publisher                = {Springer-Verlag},
  Year                     = {1990},
  Number                   = {9},

  Date-modified            = {2014-08-29 10:48:54 +0000},
  Owner                    = {Giovanni},
  Timestamp                = {2014.09.11}
}

@Article{Hogan90,
  Title                    = {Mechanical impedance of single- and multi-articular systems. J. M. Winters \& S.L. Woo. Springer-Verlag},
  Author                   = {N. Hogan},
  Journal                  = {Multiple muscle systems: Biomechanics and movement organization},
  Year                     = {1990}
}

@Article{Hogan85,
  Title                    = {Impedance control: an approach to manipulation-Part I: Theory; Part II: Implementation; Part III: Applications},
  Author                   = {N. Hogan},
  Journal                  = {Transaction ASME J. Dynamic Systems, Measurement and Control},
  Year                     = {1985},
  Pages                    = {11-24},
  Volume                   = {107}
}

@Article{holst:jac:2005,
  Title                    = {Genetic Algorithms Applied to Multi-Objective Aerospace Shape Optimization},
  Author                   = {Terry L. Holst},
  Journal                  = {Journal of Aerospace Computing, Information, and Communication},
  Year                     = {2005},
  Number                   = {4},
  Pages                    = {217-235},
  Volume                   = {2}
}

@Conference{Hovland96,
  Title                    = {Skill acquisition from human demonstration using a hidden Markov Model},
  Author                   = {G.E. Hovland and P. Sikka and B.J. McCarragher},
  Booktitle                = {IEEE International Conference on Robotics and Automation},
  Year                     = {1996},

  Address                  = {Minneapolis, MN},
  Pages                    = {2706-2711},
  Volume                   = {3}
}

@Article{Hsiang94,
  Title                    = {Development of methodology in biomechanical simulation of manual lifting},
  Author                   = {M.S. Hsiang and M.M. Ayoub},
  Journal                  = {International Journal of Industrial Ergonomics},
  Year                     = {1994},
  Pages                    = {271-288},
  Volume                   = {13}
}

@Conference{Hsu97,
  Title                    = {Self-Oscillating Adaptive Systems (SOAS) without limit-cycles},
  Author                   = {L. Hsu},
  Booktitle                = {American Control Conference},
  Year                     = {1997},

  Address                  = {Albuquerque, New Mexico},
  Volume                   = {13}
}

@Conference{huang:icra:1999,
  Title                    = {A high stability, smooth walking pattern for a biped robot},
  Author                   = {Qiang Huang and Shuuji Kajita and Noriho Koyachi and Kenji Kaneko and Kazuhito Yokoi and Hirohiko Arai and Kiyoshi Komoriya and Kazuo Tanie},
  Booktitle                = {IEEE International Conference on Robotics and Automation},
  Year                     = {1999},
  Month                    = {May},
  Pages                    = {65-71},

  Date-modified            = {2014-08-29 10:49:09 +0000},
  File                     = {:huang_icra_1999.pdf:PDF},
  Owner                    = {Giovanni},
  Timestamp                = {2014.09.11}
}

@Article{Hyman53,
  Title                    = {Stimulus information as a determinant of reaction time},
  Author                   = {R. Hyman},
  Journal                  = {Journal of Experimental Psychology},
  Year                     = {1953},
  Pages                    = {188-196},
  Volume                   = {45}
}

@Conference{Hyon05,
  Title                    = {Symmetric walking control: Invariance and global stability},
  Author                   = {S. Hyon and T. Emura},
  Booktitle                = {International Conference on Robotics and Automation (ICRA)},
  Year                     = {2005},
  Pages                    = {1443-1450}
}

@Conference{Hyon09,
  Title                    = {Integration of multi-level postural balancing on humanoid robots},
  Author                   = {S. Hyon and R. Osu and Y. Otaka},
  Booktitle                = {IEEE International Conference on Robotics and Automation},
  Year                     = {2009},

  Address                  = {Kobe, Japan},
  Pages                    = {1549-1556}
}

@Conference{Ibanez12,
  Title                    = {Unified preview control for humanoid postural stability and upper-limb interaction adaptation},
  Author                   = {A. Ibanez and P. Bidaud and V. Padois},
  Booktitle                = {IEEE/RSJ International Conference on Intelligent Robots and Systems},
  Year                     = {2012}
}

@Article{Imamizu00,
  Title                    = {Human cerebellar activity reflecting an acquired internal model of a new tool},
  Author                   = {H. Imamizu and S. Moyauchi and T. Tamada and Y. Sasaki and R. Takino and B. Puetz and T. Yoshioka and M. Kawato},
  Journal                  = {Nature},
  Year                     = {2000},
  Pages                    = {192-195},
  Volume                   = {403}
}

@Article{Ioannou83,
  Title                    = {Adaptive Systems with Reduced Models},
  Author                   = {P.A. Ioannou and P.V. Kokotovi\'c},
  Journal                  = {Lecture Notes in Control and Information Sciences},
  Year                     = {1983},
  Volume                   = {47}
}

@Book{ISO08,
  Title                    = {NF EN ISO 15536 - Ergonomics - computer manikins and body templates - Part 1: General Requirements},
  Author                   = {ISO},
  Publisher                = {AFNOR (La Plaine St-Denis},
  Year                     = {2008}
}

@Book{ISO07,
  Title                    = {NF EN ISO 15536 - Ergonomics - computer manikins and body templates - Part 2: Verification of functions and validation of dimensions for computer manikin systems},
  Author                   = {ISO},
  Publisher                = {AFNOR (La Plaine St-Denis},
  Year                     = {2007}
}

@Conference{Pratt06,
  Title                    = {Capture Point: A Step toward Humanoid Push Recovery},
  Author                   = {J. Pratt, J. Carff, S. Drakunov and A. Goswami},
  Booktitle                = {6th IEEE-RAS International Conference on Humanoid Robots (Humanoids)},
  Year                     = {2006},
  Pages                    = {200-207}
}

@Book{Jagannathan06,
  Title                    = {Neural Network Control of Nonlinear Discrete-Time Systems},
  Author                   = {S. Jagannathan},
  Publisher                = {CRC Press Taylor \& Francis Group},
  Year                     = {2006},

  Address                  = {FL}
}

@Article{Jayaram06,
  Title                    = {Introducing quantitative analysis methods into virtual environments for real-time and continuous ergonomic evaluations},
  Author                   = {U. Jayaram and S. Jayaram and I. Shaikh and Y. Kim and C. Palmer},
  Journal                  = {Computers in Industry},
  Year                     = {2006},
  Pages                    = {283-296},
  Volume                   = {57}
}

@TechReport{jean:lmgc:1996,
  Title                    = {Documentation sur LMGC: Logiciel de M\'{e}canique G\'{e}rant le Contact},
  Author                   = {Michel Jean},
  Institution              = {Universit\'{e} la M\'{e}diteterran\'{e}e},
  Year                     = {1996},

  Address                  = {Marseilles},
  Month                    = {January},

  Owner                    = {Giovanni},
  Timestamp                = {2014.10.03}
}

@Conference{jean:ccm:1993,
  Title                    = {Numerical methods for three dimensional dynamical problems},
  Author                   = {Michel Jean},
  Booktitle                = {Conference in Contact Mechanics},
  Year                     = {1993},

  Address                  = {Southampton},
  Pages                    = {71},

  Date-modified            = {2014-08-29 10:53:04 +0000},
  Owner                    = {Giovanni},
  Timestamp                = {2014.09.11}
}

@Article{Johansson87,
  Title                    = {Signals in tactile afferents from the fingers eliciting adaptive motor responses during precision grip},
  Author                   = {R.S. Johansson and G. Westling},
  Journal                  = {Exp Brain Res},
  Year                     = {1987},
  Pages                    = {141-154},
  Volume                   = {66}
}

@Article{Johansson84,
  Title                    = {Roles of glabrous skin receptors and sensorimotor memory in automatic control of precision grip when lifting rougher or more slippery objects},
  Author                   = {R.S. Johansson and G. Westling},
  Journal                  = {Exp Brain Res},
  Year                     = {1984},
  Pages                    = {550-564},
  Volume                   = {56}
}

@Conference{Johnson03,
  Title                    = {Six degree-of-freedom haptic rendering of complex polygonal models},
  Author                   = {D. E. Johnson and P. Willemsen},
  Booktitle                = {11th Symposium on Haptic Interfaces for Virtual Environment and Teleoperator Systems},
  Year                     = {2003},
  Pages                    = {229-229}
}

@Article{Jonkers03,
  Title                    = {The study of muscle action during single support and swing phase of gait: clinical relevance of forward simulation techniques},
  Author                   = {I. Jonkers and C. Stewart and A. Spaepen},
  Journal                  = {Gait \& Posture},
  Year                     = {2003},
  Pages                    = {97-105},
  Volume                   = {17}
}

@Article{Jonsson78,
  Title                    = {Quantitative electromyographic evaluation of muscular load during work},
  Author                   = {B. Jonsson},
  Journal                  = {Scandinavian Journal of Rehabilitation Medicine},
  Year                     = {1978},
  Pages                    = {69-74},
  Volume                   = {Suppl. 6}
}

@Article{jourdan:cmape:1998,
  Title                    = {A gauss-seidel like algorithm to solve frictional contact problems},
  Author                   = {F. Jourdan and P. Alart and M. Jean},
  Journal                  = {Computer Methods in Applied Mechanics and Engineering},
  Year                     = {1998},
  Pages                    = {33-47}
}

@InBook{kajita:springer:2008,
  Title                    = {Handbook of Robotics},
  Author                   = {Shuuji Kajita and Bernard Espiau},
  Chapter                  = {Legged Robots},
  Pages                    = {361-389},
  Publisher                = {Springer-Verlag},
  Year                     = {2008},

  Date-modified            = {2014-08-29 10:50:27 +0000},
  File                     = {:Kajita_Springer_2008.pdf:PDF},
  Owner                    = {Giovanni},
  Timestamp                = {2014.09.11}
}

@Book{kajita:springer:2009,
  Title                    = {Humanoid Robot},
  Author                   = {Shuuji Kajita and Hirohisa Hirukawa and Kensuke Harada and Kazuhito Yokoi},
  Publisher                = {Ohmsha, Ltd},
  Year                     = {2005},

  Date-modified            = {2014-08-29 10:50:59 +0000},
  File                     = {:Kajita_Springer_2009.pdf:PDF},
  Owner                    = {Giovanni},
  Timestamp                = {2014.09.11}
}

@Conference{kajita:icra:2003,
  Title                    = {Biped Walking Pattern Generation by using Preview Control of Zero-Moment Point},
  Author                   = {Shuuji Kajita and Fumio Kanehiro and Kenji Kaneko},
  Booktitle                = {IEEE International Conference on Robotics and Automation},
  Year                     = {2003},

  Address                  = {Taipei, Taiwan},
  Month                    = {September 14-19},
  Pages                    = {1620-1626},

  File                     = {:kajita_icra_2003.pdf:PDF},
  Owner                    = {Giovanni},
  Timestamp                = {2014.09.11}
}

@Conference{Kajita03,
  Title                    = {Biped walking pattern generation by using preview control of zero-moment point},
  Author                   = {S. Kajita and F. Kanehiro and K. Kaneko and K. Fujiwara and K. Harada and K. Yokoi and H. Hirukawa},
  Booktitle                = {International Conference on Robotics and Automation (ICRA)},
  Year                     = {2003},
  Pages                    = {1620-1626},
  Volume                   = {2}
}

@Conference{kajita:iros:2010,
  Title                    = {Biped walking tabilization based on linear inverted pendulum tracking},
  Author                   = {Shuuji Kajita and Mitsuharu Morisawa and Kanako Miura and Shin'ichiro Nakaoka and Kensuke Harada and Kenji Kaneko and Fumio Kanehiro and Kazuhito Yokoi},
  Booktitle                = {IEEE/RSJ International Conference on Intelligent Robots and Systems},
  Year                     = {2010},

  Address                  = {Taipei, Taiwan},
  Month                    = {October 18 - 22},
  Pages                    = {4489-4496},

  Date-modified            = {2014-08-29 10:49:27 +0000},
  File                     = {:kajita_icirs_2010.pdf:PDF},
  Owner                    = {Giovanni},
  Timestamp                = {2014.09.11}
}

@Conference{Kajita91,
  Title                    = {Study of dynamic biped locomotion on rugged terrain-derivation and application of the linear inverted pendulum mode},
  Author                   = {S. Kajita and K. Tani},
  Booktitle                = {IEEE International Conference on Robotics and Automation},
  Year                     = {1991},
  Pages                    = {1405-1411},
  Volume                   = {2}
}

@Conference{kajita:icra:2001,
  Title                    = {Balancing a humanoid robot using backdrive concerned torque control and direct angular momentum feedback},
  Author                   = {S. Kajita and K. Yokoi and M. Saigo and K. Tanie},
  Booktitle                = {IEEE International Conference on Robotics and Automation},
  Year                     = {2001},
  Pages                    = {3376-3382},
  Volume                   = {4}
}

@Conference{kaneko:icra:2004,
  Title                    = {Humanoid robot hrp-2},
  Author                   = {K. Kaneko and F. Kanehiro and S. Kajita and H. Hirukawa and T. Kawasaki and M. Hirata and K. Akachi and T. Isozumi},
  Booktitle                = {IEEE International Conference on Robotics and Automation},
  Year                     = {2004},

  Address                  = {New Orleans, USA},
  Month                    = {April},
  Pages                    = {1083-1090},

  Owner                    = {Giovanni},
  Timestamp                = {2014.09.11}
}

@Article{Kanoun11,
  Title                    = {Kinematic Control of Redundant Manipulators: Generalizing the Task-Priority Framework to Inequality Task},
  Author                   = {O. Kanoun and F. Lamiraux and P.B. Wieber},
  Journal                  = {IEEE Transactions on Robotics},
  Year                     = {2011},
  Pages                    = {785-792},
  Volume                   = {27}
}

@Conference{Kanoun09,
  Title                    = {Prioritizing linear equality and inequality systems: Application to local motion planning for redundant robots},
  Author                   = {O. Kanoun and F. Lamiraux and P.B. Wieber and F. Kanehiro and E. Yoshida and J.P. Laumond},
  Booktitle                = {IEEE International Conference on Robotics and Automation (ICRA)},
  Year                     = {2009},
  Pages                    = {2939-2944}
}

@Article{Kao03,
  Title                    = {Carpal Tunnel Syndrome As an Occupational Disease},
  Author                   = {S.Y. Kao},
  Journal                  = {Journal of the American board of family medicine},
  Year                     = {2003},
  Pages                    = {533-542},
  Volume                   = {16}
}

@Article{Karu77,
  Title                    = {Correcting working postures in industry : a practical method for analysis},
  Author                   = {O. Karu and P. Kansi and I. Kouarinka},
  Journal                  = {Applied Ergonomics},
  Year                     = {1977},
  Pages                    = {199-201},
  Volume                   = {8}
}

@Article{Kawato99,
  Title                    = {Internal models for motor control and trajectory planning},
  Author                   = {M. Kawato},
  Journal                  = {Current Opinion in Neurobiology},
  Year                     = {1999},
  Pages                    = {718-727},
  Volume                   = {9}
}

@Article{Kawato92,
  Title                    = {A computational model of four regions of the cerebellum based on feedback error learning},
  Author                   = {M. Kawato and H. Gomi},
  Journal                  = {Biological Cybernetics},
  Year                     = {1992},
  Pages                    = {95-103},
  Volume                   = {69}
}

@Article{Keele68,
  Title                    = {Movement control in skilled motor performance},
  Author                   = {S. Keele},
  Journal                  = {Psychological Bullettin},
  Year                     = {1968},
  Pages                    = {387-403},
  Volume                   = {70}
}

@Conference{Khatib08,
  Title                    = {A Unified Framework for Whole-Body Humanoid Robot Control with Multiple Constraints and Contacts},
  Author                   = {O. Khatib and L. Sentis and J.H. Park},
  Booktitle                = {European Robotics Symposium 2008, volume 44 of Springer Tracts in Advanced Robotics},
  Year                     = {2008},
  Pages                    = {303-312},
  Volume                   = {Springer Berlin / Heidelberg}
}

@Article{Khatib04,
  Title                    = {Whole-body dynamic behavior and control of human-like robots},
  Author                   = {O. Khatib and L. Sentis and J. Park and J. Warren},
  Journal                  = {International Journal of Humanoid Robotics},
  Year                     = {2004},
  Pages                    = {29-43},
  Volume                   = {01}
}

@Article{Kilbom87,
  Title                    = {Work technique and its consequences for musculoskeletal disorders},
  Author                   = {A. Kilbom and J. Persson},
  Journal                  = {Ergonomics},
  Year                     = {1987},
  Pages                    = {273-279},
  Volume                   = {30}
}

@Article{Kirsch94,
  Title                    = {Muscle stiffness during transient and continuous movements of catmuscle: perturbation characteristics and physiological relevance},
  Author                   = {R.F. Kirsch and D. Boskov and W.Z. Rymer and R.E. Center and M.H.M. Center and O.H. Cleveland},
  Journal                  = {IEEE Transactions on Biomedical Engineering},
  Year                     = {1994},
  Pages                    = {758-770},
  Volume                   = {41}
}

@Article{Kobayashi98,
  Title                    = {Temporal firing patterns of Purkinje cells in the cerebellar ventral paraflocculus during ocular following responses in Monkeys I. Simple spikes},
  Author                   = {Y. Kobayashi and K. Kawano and A. Takemura and Y. Inoue and T. Kitama and H. Gomi and M. Kawato},
  Journal                  = {Journal of Neurophysiology},
  Year                     = {1998},
  Pages                    = {818-831},
  Volume                   = {80}
}

@Article{kohli:ijnummae:1993,
  Title                    = {Shape optimization using adaptive shape refinement},
  Author                   = {Kohli, H. S. and Carey, G. F.},
  Journal                  = {International Journal for Numerical Methods in Engineering},
  Year                     = {1993},
  Number                   = {14},
  Pages                    = {2435-2451},
  Volume                   = {36}
}

@Article{Komura05,
  Title                    = {Simulating pathological gait using the enhanced linear inverted pendulum model},
  Author                   = {T. Komura and A. Nagano and H. Leung and Y. Shinagawa},
  Journal                  = {IEEE Transactions on Biomedical Engineering},
  Year                     = {2005},
  Pages                    = {1502-1513},
  Volume                   = {52}
}

@Article{Kuo09,
  Title                    = {Motion generation from MTM semantics},
  Author                   = {C.F. Kuo and M.J. WANG},
  Journal                  = {Computers in Industry},
  Year                     = {2009},
  Pages                    = {339-348},
  Volume                   = {60}
}

@Article{kwan:jtbio:2007,
  Title                    = {Optimal foot shape for a passive dynamic biped},
  Author                   = {M. Kwan and Mont Hubbard},
  Journal                  = {Journal of Theoretical Biology},
  Year                     = {2007},
  Pages                    = {331-339},
  Volume                   = {248},

  Owner                    = {Giovanni},
  Timestamp                = {2014.09.12}
}

@Article{Lamkull09,
  Title                    = {A comparative study of digital human modelling simulation results and their outcomes in reality: A case study within manual assembly of automobiles},
  Author                   = {D. Lämkull and L. Hanson and R. Ortengren},
  Journal                  = {International Journal of Industrial Ergonomics},
  Year                     = {2009},
  Pages                    = {428-441},
  Volume                   = {39}
}

@Article{Lackner94,
  Title                    = {Rapid adaptation to Coriolis force perturbations of arm trajectory},
  Author                   = {J.R. Lackner and P. Dizio},
  Journal                  = {Journal of Neurophysiology},
  Year                     = {1994},
  Pages                    = {299-313},
  Volume                   = {72}
}

@Article{Lacquaniti83,
  Title                    = {The law relating the kinematic and figural aspects of drawing movements},
  Author                   = {F. Lacquaniti and C. Terzuolo and P. Viviani},
  Journal                  = {Acta Psychologica},
  Year                     = {1983},
  Pages                    = {115-130},
  Volume                   = {54}
}

@Article{Lamarche09,
  Title                    = {TopoPlan: a topological path planner for real time human navigation under floor and ceiling constraints},
  Author                   = {F. Lamarche},
  Journal                  = {Computer Graphics Forum},
  Year                     = {2009},
  Pages                    = {649-658},
  Volume                   = {28}
}

@Article{Latash12,
  Title                    = {The bliss (not the problem) of motor abundance (not redundancy)},
  Author                   = {M.L. Latash},
  Journal                  = {Experimental Brain Research},
  Year                     = {2012},
  Pages                    = {1–5},
  Volume                   = {217}
}

@Article{lee:tro:2008,
  Title                    = {Modifiable walking pattern of a humanoid robot by using allowable {ZMP} variation},
  Author                   = {Bum-Joo Lee and Daniel Stonier and Yong-Duk Kim and Jeong-Ki Yoo and Jong-Hwan Kim},
  Journal                  = {IEEE Transactions on Robotics},
  Year                     = {2008},

  Month                    = {August},
  Number                   = {4},
  Pages                    = {917-925},
  Volume                   = {24},

  Date-modified            = {2014-08-29 10:51:40 +0000},
  File                     = {:lee_IEEE_2008.pdf:PDF},
  Owner                    = {Giovanni},
  Timestamp                = {2014.09.11}
}

@Conference{Lee11,
  Title                    = {Intermediate desired value approach for continuous transition among multiple tasks of robots},
  Author                   = {J. Lee and N. Mansard and J. Park},
  Booktitle                = {IEEE International Conference on Robotics and Automation (ICRA)},
  Year                     = {2011},
  Pages                    = {1276-1282}
}

@Article{Lee09,
  Title                    = {The Reaction Mass Pendulum (RMP) Model for Humanoid Robot Gait and Balance Control},
  Author                   = {S.H. Lee and A. Goswami},
  Journal                  = {Ben Choi, editeur, Humanoid Robots},
  Year                     = {2009},
  Volume                   = {InTech}
}

@Article{Lemay96,
  Title                    = {A dynamic model for simulating movements of the elbow, forearm, and wrist},
  Author                   = {M.A. Lemay and P.E. Crago},
  Journal                  = {Journal of Biomechanics},
  Year                     = {1996},
  Pages                    = {1319-1330},
  Volume                   = {29}
}

@Conference{Li04,
  Title                    = {A survey of repetitive control},
  Author                   = {C. Li and D. Zhang and X. Zhuang},
  Booktitle                = {IEEE/RSJ International Conference on Intelligent Robots and Systems},
  Year                     = {2004},

  Address                  = {Sendai, Japan},
  Pages                    = {1160-1166}
}

@Article{li:tro:2012,
  Title                    = {Dynamic Balance Control for Biped Robot Walking Using Sensor Fusion, Kalman Filter, and Fuzzy Logic},
  Author                   = {Tzuu-Hseng S. Li and Yu-te Su and Shao-Hsien Liu and Ching-Chang Chen},
  Journal                  = {IEEE Transactions on Industrial Electronics},
  Year                     = {2012},

  Month                    = {November},
  Number                   = {11},
  Pages                    = {4394-4408},
  Volume                   = {59},

  File                     = {:Li_IEEE_2012.pdf:PDF},
  Owner                    = {Giovanni},
  Timestamp                = {2014.09.11}
}

@Article{Lin99,
  Title                    = {Computer motion simulation for sagittal plane lifting activities},
  Author                   = {C.J. Lin and M.M. Ayoub},
  Journal                  = {International Journal of Industrial Ergonomics},
  Year                     = {1999},
  Pages                    = {141-155},
  Volume                   = {24}
}

@Conference{Liu12,
  Title                    = {Task-driven posture optimization for virtual characters},
  Author                   = {M. Liu and A. Micaelli and P. Evrard and A. Escande},
  Booktitle                = {2012 ACM SIGGRAPH/Eurographics Symposium on Computer Animation (SCA '12)},
  Year                     = {2012},
  Pages                    = {155-164}
}

@Conference{Liu11,
  Title                    = {Interactive dynamics and balance of a virtual character during manipulation tasks},
  Author                   = {M. Liu and A. Micaelli and P. Evrard and A. Escande and C. Andriot},
  Booktitle                = {IEEE International Conference on Robotics and Automation},
  Year                     = {2011},

  Address                  = {Shanghai, China},
  Pages                    = {1676-1682}
}

@Article{MacAtamney93,
  Title                    = {RULA: a survey method for the investigation of work-related upper limb disorders},
  Author                   = {L. MacAtamney and E.N. Cortlett},
  Journal                  = {Applied Ergonomics},
  Year                     = {1993},
  Pages                    = {91-99},
  Volume                   = {24}
}

@Article{Malchaire11,
  Title                    = {Guide : classification des méthodes d’évaluation et/ou de prévention des risques de TMS},
  Author                   = {J. Malchaire},
  Journal                  = {European Trade Union Institute},
  Year                     = {2011}
}

@Article{Mancini05,
  Title                    = {Developmental coordination disorder},
  Author                   = {J. Mancini and F. Brun},
  Journal                  = {Arch Pediatr},
  Year                     = {2005},
  Pages                    = {905-908},
  Volume                   = {12}
}

@Conference{Mansour11,
  Title                    = {A computational approach for push recovery in case of multiple noncoplanar contacts},
  Author                   = {D. Mansour and A. Micaelli and P. Lemerle},
  Booktitle                = {International Conference on Intelligent Robots and Systems (IROS)},
  Year                     = {2011},
  Pages                    = {3213-3220}
}

@Article{martins:jaircraft:2004,
  Title                    = {High-Fidelity Aerostructural Design Optimization of a Supersonic Business Jet},
  Author                   = {J. R. R. A. Martins and J. J. Alonso and J. J. Reuther},
  Journal                  = {Journal of Aircraft},
  Year                     = {2004},
  Number                   = {3},
  Pages                    = {523-530},
  Volume                   = {41}
}

@Article{Matthiassen95,
  Title                    = {Normalization of surface EMG amplitude from the upper trapezius muscle in ergonomic studies. A review},
  Author                   = {S. E. Matthiassen and J. Winkel and G.M. Hagg},
  Journal                  = {Journal of Electromyography and Kinesiology},
  Year                     = {1995},
  Pages                    = {197-226},
  Volume                   = {5}
}

@Article{Maynard48,
  Title                    = {Methods-time measurement},
  Author                   = {H.B. Maynard and G.J. Stegemerten and J.L. Schwab},
  Journal                  = {McGraw Hill book company},
  Year                     = {1948}
}

@Article{McGhee68,
  Title                    = {On the stability properties of quadruped creeping gaits},
  Author                   = {R.B. McGhee and A.A. Frank},
  Journal                  = {Mathematical Biosciences},
  Year                     = {1968},
  Pages                    = {331–351},
  Volume                   = {3}
}

@Article{McIntyre96,
  Title                    = {The control of stable arm postures in the multi-joint arm},
  Author                   = {J. McIntyre and F.A. Mussa-Ivaldi and E. Bizzi},
  Journal                  = {Exp Brain Res},
  Year                     = {1996},
  Pages                    = {248-264}
}

@Conference{Merlhiot09,
  Title                    = {Extension of a time-stepping compatible contact determination method between rigid bodies to deformable models},
  Author                   = {X. Merlhiot},
  Booktitle                = {Multibody Dynamics ECCOMAS Thematic Conference},
  Year                     = {2009}
}

@Conference{Merlhiot07,
  Title                    = {A robust, efficient and time-stepping compatible collision detection method for non-smooth contact between rigid bodies of arbitrary shape},
  Author                   = {X. Merlhiot},
  Booktitle                = {Multibody Dynamics ECCOMAS Thematic Conference},
  Year                     = {2007}
}

@Article{Michaelec11,
  Title                    = {Modeling and control of multifingered dextrous manipulation for humanoid robot hands},
  Author                   = {R. Michaelec},
  Journal                  = {PhD Thesis},
  Year                     = {2011}
}

@Conference{Miller03,
  Title                    = {Automatic grasp planning using shape primitives},
  Author                   = {A.T. Miller and S. Knoop and H.I. Christensen and P.K. Allen},
  Booktitle                = {IEEE International Conference on Robotics and Automation},
  Year                     = {2003},
  Pages                    = {1824-1829},
  Volume                   = {2}
}

@Article{Miller75,
  Title                    = {Prediction of segmental parameters using the hanavan human body model},
  Author                   = {D. Miller and W.E. Morrison},
  Journal                  = {Medecine and Science in Sports},
  Year                     = {1975},
  Pages                    = {207-212},
  Volume                   = {7}
}

@Article{Milner93,
  Title                    = {Compensation for mechanically unstable loading in voluntary wrist movement},
  Author                   = {T.E. Milner and C. Cloutier},
  Journal                  = {Experimental Brain Research},
  Year                     = {1993},
  Pages                    = {522-532},
  Volume                   = {94}
}

@InProceedings{miura:humanoids:2009,
  Title                    = {Robot motion remix based on motion capture data --Towards human-like locomotion of humanoid robots--},
  Author                   = {Kanako Miura and Mitsuhara Morisawa and Shin'ichiro Nakaoka and Fumio Kanehiro and Kensuke Harada and Kenji Kaneko and Shuuji Kajita},
  Booktitle                = {IEEE/RAS International conference on Humanoid Robots},
  Year                     = {2009},

  Address                  = {Paris, France},
  Month                    = {December 7-10},
  Pages                    = {596-603},

  Date-added               = {2014-09-04 07:02:50 +0000},
  Date-modified            = {2014-09-04 07:18:00 +0000},
  Owner                    = {Giovanni},
  Timestamp                = {2014.09.11}
}

@Conference{miyakoshi:smc:2004,
  Title                    = {Examining Human Walking Characteristics with a Telescopic Compass-like Biped Walker Model},
  Author                   = {Seiichi Miyakoshi and Gordon Cheng},
  Booktitle                = {IEEE International Conference on Systems, Man and Cybernetics},
  Year                     = {2004},
  Pages                    = {1538-1543},

  Date-modified            = {2014-08-29 10:53:04 +0000},
  File                     = {:miyakoshi_icsmc_2004.pdf:PDF},
  Owner                    = {Giovanni},
  Timestamp                = {2014.09.11}
}

@Conference{Miyata05,
  Title                    = {Hand link modelling and motion generation from motion capture data based on 3D joint kinematics},
  Author                   = {N. Miyata and M. Kouki and M. Mochimaru and K. Kawachi and T. Kurihara},
  Booktitle                = {SAE International Iowa},
  Year                     = {2005}
}

@Article{mombaur:auro:2010,
  Title                    = {From human to humanoid locomotion-- an invese optimal control approach},
  Author                   = {Katja Mombaur and Anh Truong and Jean-Paul Laumond},
  Journal                  = {Autonomous Robot},
  Year                     = {2010},
  Pages                    = {369-383},
  Volume                   = {28},

  Date-added               = {2014-09-04 10:06:13 +0000},
  Date-modified            = {2014-09-04 10:07:45 +0000},
  Owner                    = {Giovanni},
  Timestamp                = {2014.09.11}
}

@Article{Monnier04,
  Title                    = {Simulation de mouvements humains complexes et prédiction de l’inconfort associé – application à l’évaluation ergonomique du bouclage de la ceinture de sécurité},
  Author                   = {G. Monnier},
  Journal                  = {Doctorat de l’Institut National des Sciences Appliquées de Lyon},
  Year                     = {2004}
}

@Book{Moore93,
  Title                    = {Iterative Learning Control for Deterministic Systems},
  Author                   = {K.L. Moore},
  Publisher                = {London: Springer-Verlag},
  Year                     = {1993}
}

@Article{Morasso81,
  Title                    = {Spatial control of arm movements},
  Author                   = {P. Morasso},
  Journal                  = {Experimental Brain Research},
  Year                     = {1981},
  Pages                    = {223-227},
  Volume                   = {42}
}

@Article{Morasso82,
  Title                    = {Trajectory formation and handwriting: a computational model},
  Author                   = {P. Morasso and F.A. Mussa-Ivaldi},
  Journal                  = {Biological Cybernetics},
  Year                     = {1982},
  Pages                    = {131-142},
  Volume                   = {45}
}

@Article{Morasso02,
  Title                    = {Ankle stiffness alone cannot stabilize upright standing},
  Author                   = {P. Morasso and V. Sanguineti},
  Journal                  = {Journal of Neurophysiology},
  Year                     = {2002},
  Pages                    = {2157-2162},
  Volume                   = {88}
}

@Conference{Morasso01a,
  Title                    = {Feedforward vs feedback control: the case study of cerebellar ataxia},
  Author                   = {P. Morasso and V. Sanguineti},
  Booktitle                = {ISHF2001 IEEE/IMEKO International Symposium on Measurements, Analysis and Modeling of Human Functions},
  Year                     = {2001},

  Address                  = {Sapporo},
  Pages                    = {21-23}
}

@Article{Mordatch10,
  Title                    = {Robust physics-based locomotion using lowdimensional planning},
  Author                   = {I. Mordatch and M. de-Lasa and A. Hertzmann},
  Journal                  = {ACM Transactions on Graphics},
  Year                     = {2010},
  Volume                   = {29}
}

@Article{moreau:esda:1996,
  Title                    = {Numerical Treatment of Contact and Friction: The Contact Dynamics Method},
  Author                   = {J.-J. Moreau and M. Jean},
  Journal                  = {Engineering Systems Design and Analysis},
  Year                     = {1996},
  Number                   = {1},
  Pages                    = {201-208},
  Volume                   = {4},

  Owner                    = {Giovanni},
  Timestamp                = {2014.09.22}
}

@Conference{morisawa:humanoids:2006,
  Title                    = {A Biped Pattern Generation Allowing Immediate Modification of Foot Placement in Real-time},
  Author                   = {Mitsuhara Morisawa and Kensuke Harada and Shuuji Kajita and Kenji Kaneko and Fumio Kanehiro and Kiyoshi Fujiwara and Shinichiro Nakaoka and Hirohisa Hirukawa},
  Booktitle                = {IEEE-RAS International Conference on Humanoid Robots},
  Year                     = {2006},
  Pages                    = {581 - 586},

  Date-modified            = {2014-08-29 10:53:16 +0000},
  Owner                    = {Giovanni},
  Timestamp                = {2014.09.11}
}

@Article{Morishige06,
  Title                    = {The sources of variability in the time course of reaching movements},
  Author                   = {K. Morishige and R. Osu and H. Miyamoto and M. Kawato},
  Journal                  = {International Congress Series},
  Year                     = {2006},
  Pages                    = {105-108},
  Volume                   = {1291}
}

@Article{Morrissey98,
  Title                    = {Human-centric design},
  Author                   = {M. Morrisey},
  Journal                  = {Mechanical Engineering},
  Year                     = {1998},
  Pages                    = {60-62},
  Volume                   = {120}
}

@Article{Muico09,
  Title                    = {Contact-aware nonlinear control of dynamic characters},
  Author                   = {U. Muico and Y. Lee and J. Popovi\'c and Z. Popovi\'c},
  Journal                  = {ACM Trans. Graph.},
  Year                     = {2009},
  Pages                    = {81:1-81:9},
  Volume                   = {28}
}

@Article{murty:intEdi:1997,
  Title                    = {Linear Complementarity, Linear and Nonlinear Programming},
  Author                   = {K.G. Murty},
  Journal                  = {Internet Edition},
  Year                     = {1997},

  Owner                    = {Giovanni},
  Timestamp                = {2014.09.12},
  Url                      = {http://ioe.engin.umich.edu/people/fac/books/murty/linear_complementarity_webbook/}
}

@Article{Mussa-Ivaldi85,
  Title                    = {Neural, mechanical, and geometric factors subserving arm posture in humans},
  Author                   = {F.A. Mussa-Ivaldi and N. Hogan and E. Bizzi},
  Journal                  = {Journal of Neuroscience},
  Year                     = {1985},
  Pages                    = {2732-2743},
  Volume                   = {5}
}

@Article{muyl:cefluids:2004,
  Title                    = {Hybrid method for aerodynamic shape optimization in automotive industry},
  Author                   = {Muyl, F. and Dumas, L. and Herbert, V.},
  Journal                  = {Computers \& Fluids},
  Year                     = {2004},
  Number                   = {5-6},
  Pages                    = {849-858},
  Volume                   = {33}
}

@Article{nagy:cmame:2010,
  Title                    = {Isogeometric sizing and shape optimisation of beam structures},
  Author                   = {A. P. Nagy and M. M. Abdalla and Z. Gurdal},
  Journal                  = {Computer Methods in Applied Mechanics and Engineering},
  Year                     = {2010},
  Number                   = {17-20},
  Pages                    = {1216-1230},
  Volume                   = {199}
}

@Article{Nakano99,
  Title                    = {Quantitative examinations of internal representations for arm trajectory planning: Minimum commanded torque change model},
  Author                   = {E. Nakano and H. Inamizu and R. Osu and Y. Uno and H. Gomi and T. Yoshioka and M. Kawato},
  Journal                  = {Jornal of Neurophysiology},
  Year                     = {1999},
  Pages                    = {2140-2155},
  Volume                   = {81}
}

@Conference{nakaoka:iros:07,
  Title                    = {Constraint-based dynamics simulator for humanoid robots with shock absorbing mechanisms},
  Author                   = {S. Nakaoka and S. Hattori and F. Kanehiro and S. Kajita and H. Hirukawa},
  Booktitle                = {IEEE International Conference on Intelligent Robots and Systems},
  Year                     = {2007},

  Address                  = {San Diego, USA},
  Month                    = {October},
  Pages                    = {3641-3647},

  Owner                    = {Giovanni},
  Timestamp                = {2014.09.11}
}

@Article{Neptune99,
  Title                    = {A theoretical analysis of preferred pedaling rate selection in endurance cycling},
  Author                   = {R.R. Neptune and M.L. Hull},
  Journal                  = {Journal of Biomechanics},
  Year                     = {1999},
  Pages                    = {409-415},
  Volume                   = {32}
}

@Article{Neptune01,
  Title                    = {Contributions of the individual ankle plantar flexors to support, forward progression and swing initiation during walking},
  Author                   = {R.R. Neptune and S.A. Kautz and F.E. Zajac},
  Journal                  = {Journal of Biomechanics},
  Year                     = {2001},
  Pages                    = {1387-1398},
  Volume                   = {34}
}

@Article{Newell86,
  Title                    = {Constraints on the development of coordination},
  Author                   = {K.M. Newell},
  Journal                  = {Wade M, Whiting HTA (editors): Motor Development in Children: Aspects of Coordination and Control},
  Year                     = {1986},
  Pages                    = {341-360},

  Address                  = {Dordrecht, Germany: Martinus Nijhoff}
}

@TechReport{NIOSH,
  Title                    = {Work practice guide for manual lifting},
  Author                   = {NIOSH},
  Institution              = {Department of Health and Human service},
  Year                     = {1991},

  Address                  = {San Francisco, California},
  Number                   = {81-122},
  Type                     = {Technical report}
}

@Article{Occhipinti98,
  Title                    = {OCRA, a concise index for the assessment of exposure to repetitive movements of the upper limbs},
  Author                   = {E. Occhipinti},
  Journal                  = {Ergonomics},
  Year                     = {1998},
  Pages                    = {1290-1311},
  Volume                   = {41}
}

@Article{Or06,
  Title                    = {Computation and multiple-contact frictional equilibrium postures in three-dimensional gravitational environments},
  Author                   = {Y. Or and E. Rimon},
  Journal                  = {Departement of Mechanical Engineering},
  Year                     = {2006}
}

@Article{Or04,
  Title                    = {Computation and graphic characterization of robust multiple-contat postures in gravitational environments},
  Author                   = {Y. Or and E. Rimon},
  Journal                  = {Departement of Mechanical Engineering},
  Year                     = {2004}
}

@Article{Osu02,
  Title                    = {Short- and long-term changes in joint co-contraction associated with motor learning as revealed from surface EMG},
  Author                   = {R. Osu and D.W. Franklin and H. Kato and H. Gomi and K. Domen and T. Yoshioka and M. Kawato},
  Journal                  = {Journal of Neurophysiology},
  Year                     = {2002},
  Pages                    = {991-1004},
  Volume                   = {88}
}

@Article{Osu99,
  Title                    = {Multijoint Muscle Regulation Mechanisms Examined by Measured Human Arm Stiffness and EMG Signals},
  Author                   = {R. Osu and H. Gomi},
  Journal                  = {Journal of Neuroscience},
  Year                     = {1999},
  Pages                    = {1458-1469},
  Volume                   = {81}
}

@Article{Owens03,
  Title                    = {Parameter optimization in iterative learning control},
  Author                   = {D.H. Owens and K. Feng},
  Journal                  = {International Journal of Control},
  Year                     = {2003},
  Pages                    = {1059–1069},
  Volume                   = {76}
}

@Book{Oxenburgh04,
  Title                    = {Increasing Productivity through Health and Safety: The Financial Returns from a Safe Working Environment},
  Author                   = {M. Oxenburgh and P. Marlow and A. Oxenburgh},
  Publisher                = {Taylor \& Francis},
  Year                     = {2004},

  ISBN                     = {0-415-24331-9}
}

@Conference{pajon:icar:2015,
  Title                    = {A humanoid walking pattern generator for sole design optimization},
  Author                   = {Adrien Pajon and Giovanni \mbox{De Magistris} and Sylvain Miossec and Kenji Kaneko and Abderrahmane Kheddar},
  Booktitle                = {International Conference on Advanced Robotics (ICAR)},
  Year                     = {2015},
  Address                  = {Istanbul, Turkey}
}

@Article{Pandy01,
  Title                    = {Computer modeling and simulation of human movement},
  Author                   = {M.G. Pandy},
  Journal                  = {Annual Review of Biomedical Engineering},
  Year                     = {2001},
  Pages                    = {245-273},
  Volume                   = {3}
}

@Article{Pandy92,
  Title                    = {A parameter optimization approach for the optimization control of large scale musculoskeletal systems},
  Author                   = {M.G. Pandy and F.C. Anderson and D.G. Hull},
  Journal                  = {Journal of Biomechanical Engineering},
  Year                     = {1992},
  Pages                    = {450-460},
  Volume                   = {114}
}

@Article{Pandy90,
  Title                    = {An optimal control model for maximum-height human jumping},
  Author                   = {M.G. Pandy and F.E. Zajac and E. Sim and W.S. Levine},
  Journal                  = {Journal of Biomechanics},
  Year                     = {1990},
  Pages                    = {1185-1198},
  Volume                   = {23}
}

@Article{Papaxanthis98,
  Title                    = {Hand trajectories of vertical arm movements in one-G and zero-G environments, Evidence for a central representation of gravitational force},
  Author                   = {C. Papaxanthis and T. Pozzo and K.E. Popov and J. McIntyre},
  Journal                  = {Experimental Brain Research},
  Year                     = {1998},
  Pages                    = {496-502},
  Volume                   = {120}
}

@Book{MaterialsDataBook,
  Title                    = {Materials Data Book},
  Author                   = {Materials Courses in Part I of the Engineering Tripos},
  Publisher                = {Cambridge University Engineering Department},
  Year                     = {2003}
}

@Article{percival:appocres:2001,
  Title                    = {Hydrodynamic optimization of ship hull forms},
  Author                   = {S. Percival and D. Hendrix and F. Noblesse},
  Journal                  = {Applied Ocean Research},
  Year                     = {2001},
  Number                   = {6},
  Pages                    = {337-355},
  Volume                   = {23}
}

@Article{Perreault04,
  Title                    = {Multijoint dynamics and postural stability of the human arm},
  Author                   = {E.J. Perreault and R.F. Kirsch and P. Crago},
  Journal                  = {Experimental Brain Research},
  Year                     = {2004},
  Pages                    = {507-517},
  Volume                   = {157}
}

@Article{Piazza01,
  Title                    = {Three-dimensional dynamic simulation of total knee replacement motion during a step-up task},
  Author                   = {S.J. Piazza and S.L. Delp},
  Journal                  = {Journal of Biomechanical Engineering},
  Year                     = {2001},
  Pages                    = {599-606},
  Volume                   = {123}
}

@Conference{pierro:humanoids:2009,
  Title                    = {Humanoid feet trajectory generation for the reduction of the dynamic effects},
  Author                   = {Paolo Pierro and Olivier Stasse and Abderrahmane Kheddar and Kazuhito Yokoi and Carlos Balaguer},
  Booktitle                = {IEEE International Conference on Humanoid Robots},
  Year                     = {2009},

  Address                  = {Paris, France},

  Date-modified            = {2014-08-29 10:53:34 +0000},
  File                     = {:pierro_ichr_2009.pdf:PDF},
  Owner                    = {Giovanni},
  Timestamp                = {2014.09.11}
}

@Article{Polit79,
  Title                    = {Characteristics of motor programs underlying arm movements in monkeys},
  Author                   = {A. Polit and E. Bizzi},
  Journal                  = {Journal in Neurophysiology},
  Year                     = {1979},
  Pages                    = {183-194},
  Volume                   = {42}
}

@Conference{popescu:graphite:2003,
  Title                    = {A Model for Efficient and Accurate Interaction with Elastic Objects in Haptic Virtual Environments},
  Author                   = {Popescu, Dan C. and Compton, Michael},
  Booktitle                = {1st International Conference on Computer Graphics and Interactive Techniques in Australia and South East Asia},
  Year                     = {2003},

  Address                  = {New York, NY, USA},
  Pages                    = {245--250},
  Publisher                = {ACM},
  Series                   = {GRAPHITE '03},

  Acmid                    = {604518},
  Doi                      = {10.1145/604471.604518},
  ISBN                     = {1-58113-578-5},
  Keywords                 = {deformable objects, finite element method, haptics, linear elasticity, virtual reality},
  Location                 = {Melbourne, Australia},
  Numpages                 = {6},
  Url                      = {http://doi.acm.org/10.1145/604471.604518}
}

@Article{popovic:ijrr:2005,
  Title                    = {Ground reference points in legged locomotion : definitions, biological trajectories and control implications},
  Author                   = {Marko B. Popovic and Ambarish Goswani and Hugh Herr},
  Journal                  = {International Journal of Robotics Research},
  Year                     = {2005},

  Month                    = {December},
  Number                   = {12},
  Pages                    = {1013-1032},
  Volume                   = {24},

  File                     = {:popovic_ijrr_2005.pdf:PDF},
  Owner                    = {Giovanni},
  Timestamp                = {2014.09.11}
}

@Article{Porter04,
  Title                    = {Beyond Jack and Jill: designing for individuals using HADRIAN},
  Author                   = {J. M. Porter and K. Case and R. Marshall and D. Gyi and R. Sims},
  Journal                  = {International Journal of Industrial Ergonomics},
  Year                     = {2004},
  Pages                    = {249-264},
  Volume                   = {33}
}

@Article{Pouliquen06,
  Title                    = {Proposition d'un modèle de main pour la simulation des interactions Homme-Machine dans un environnent virtuel: application à la prévention des accidents aux mains},
  Author                   = {M. Pouliquen},
  Journal                  = {Thèse de doctorat de l'École Centrale de Nantes et de l'Université de Nantes, spécialité Génie Mécanique},
  Year                     = {2006},
  Pages                    = {268},
  Volume                   = {NTS 263}
}

@Article{Pradon03,
  Title                    = {Modèle cinématique tridimensionnelle du dos et du membre supérieur pour analyser la technique de propulsion en fauteuil roulant manuel},
  Author                   = {D. Pradon and L. Cheze},
  Journal                  = {ITBM RBM},
  Year                     = {2003},
  Pages                    = {20-27},
  Volume                   = {24}
}

@Book{Prakash81,
  Title                    = {Differential Geometry, an Integrated Approach},
  Author                   = {N. Prakash},
  Publisher                = {TATA McGraw-Hill Publishing Company Limited},
  Year                     = {1981}
}

@Conference{Pratt96,
  Title                    = {Virtual Actuator Control},
  Author                   = {J. Pratt and A. Torres and P. Dilworth and G. Pratt},
  Booktitle                = {IEEE International Conference on Intelligent Robots and Systems},
  Year                     = {1996},
  Pages                    = {1219-1226}
}

@Article{Putz-Anderson88,
  Title                    = {Cumulative Trauma Disorders, a manuel for the musculoskeletal diseases of the upper limb},
  Author                   = {V. Putz-Anderson},
  Journal                  = {Tailor \& Francis},
  Year                     = {1988},
  Pages                    = {151}
}

@Article{Raasch99,
  Title                    = {Locomotor strategy for pedaling: muscle groups and biomechanical functions},
  Author                   = {C.C. Raasch and F.E. Zajac},
  Journal                  = {Journal of Neurophysiology},
  Year                     = {1999},
  Pages                    = {515-525},
  Volume                   = {82}
}

@Article{Raschke99,
  Title                    = {The Jack human simulation tool. Working Postures and Movement},
  Author                   = {U. Raschke},
  Journal                  = {Tools for evaluation and Engineering, Ed. By N. J. Delleman, C. M. Haslegrave et D. B. Chaffin CRC Press},
  Year                     = {1999},
  Pages                    = {431-437}
}

@Article{Raunhardt11,
  Title                    = {Immersive singularity-free full-body interactions with reduced marker set},
  Author                   = {D. Raunhardt and R. Boulic},
  Journal                  = {Computer Animation and Virtual Worlds},
  Year                     = {2011}
}

@Article{Rebula11,
  Title                    = {Capturability based analysis and control of legged locomotion , part 1 : Concepts and definitions},
  Author                   = {J. Rebula and T. Koolen and T. De-Boer and J. Pratt},
  Journal                  = {Master of Science - TU Delft},
  Year                     = {2011},
  Pages                    = {1-16},
  Volume                   = {25}
}

@Book{VSR04,
  Title                    = {Technical report for project virtual soldier research},
  Author                   = {VSR-Research-Group},
  Publisher                = {Center for Computer-Aided Design},
  Year                     = {2004},

  Address                  = {The University of IOWA. Tech. rep.}
}

@Article{Rice04,
  Title                    = {Boeing Human Modeling System. Working Postures and Movements},
  Author                   = {S. Rice},
  Journal                  = {Tools for evaluation and Engineering, Ed. By N. J. Delleman, C. M. Haslegrave et D. B. Chaffin CRC Press},
  Year                     = {2004},
  Pages                    = {462-465}
}

@Conference{Riemer04,
  Title                    = {Full body inverse dynamics solutions: an error analysis and a hybrid approach},
  Author                   = {R. Riemer and S.W. Lee and X. Zhang},
  Booktitle                = {American Society of Biomechanics Annual Meeting},
  Year                     = {2004}
}

@Article{VanRijn09,
  Title                    = {Associations between work-related factors and specific disorders at the elbow: a systematic literature review},
  Author                   = {R.M. Van Rijn and B.M. Huisstede and B.W. Koes and A. Burdof},
  Journal                  = {Rheumatology},
  Year                     = {2009},
  Pages                    = {528-536},
  Volume                   = {48}
}

@Article{Roquelaure05,
  Title                    = {Réseau expérimental de surveillance épidémiologique des troubles musculo-squelettiques dans les Pays de la Loire},
  Author                   = {Y. Roquelaure and C. Ha and M. Sauteron},
  Journal                  = {Surveillance en entreprises en 2002},
  Year                     = {2005}
}

@Article{Rosenbaum95,
  Title                    = {Planning reaches by evaluating stored posture},
  Author                   = {D.A. Rosenbaum and L.D. Loukopoulos and R.G. Meulenbroek and J. Vaughan and S.E. Engelbrecht},
  Journal                  = {Psychological Review},
  Year                     = {1995},
  Pages                    = {28-67},
  Volume                   = {102}
}

@Conference{Ryan70,
  Title                    = {Cockpit Geometry Evaluation (Joint Army-Navy Aircraft Instrumentation Research Report 700201)},
  Author                   = {P.W. Ryan},
  Booktitle                = {The Boeing Company},
  Year                     = {1970},

  Address                  = {The Boeing Company, Seattle, WA}
}

@Article{Seve-Ferrieu05,
  Title                    = {Neuropsychologie corporelle, visuelle et gestuelle du trouble à la rééducation (3 ed.)},
  Author                   = {N. Sève-Ferrieu},
  Journal                  = {Paris: Masson},
  Year                     = {2005}
}

@Article{Sabes97,
  Title                    = {Obstacle avoidance and a perturbation sensitivity model for motor planning},
  Author                   = {P. Sabes and M. Jordan},
  Journal                  = {Journal of Neuroscience},
  Year                     = {1997},
  Pages                    = {7119-7128},
  Volume                   = {17}
}

@Article{Salini12,
  Title                    = {Dynamic control for the task/posture coordination of humanoids: toward synthesis of complex activities},
  Author                   = {J. Salini},
  Journal                  = {Ph.D. thesis, University of Pierre and Marie Curie},
  Year                     = {2012}
}

@Conference{Salini11,
  Title                    = {Synthesis of complex humanoid whole-body behavior: A focus on sequencing and tasks transitions},
  Author                   = {J. Salini and V. Padois and P. Bidaud},
  Booktitle                = {IEEE International Conference on Robotics and Automation (ICRA)},
  Year                     = {2011},
  Pages                    = {1283-1290}
}

@Conference{sardain:icra:2001,
  Title                    = {Gait Analysis of a Human Walker wearing Robot Feet as Shoes},
  Author                   = {P. Sardain and G. Bessonnet},
  Booktitle                = {IEEE International Conference on Robotics and Automation},
  Year                     = {2001},

  Address                  = {Seoul},
  Pages                    = {2285-229}
}

@Article{Sasaki06,
  Title                    = {Muscle mechanical work and elastic energy utilization during walking and running near the preferred gait transition speed},
  Author                   = {K. Sasaki and R.R. Neptune},
  Journal                  = {Gait \& posture},
  Year                     = {2006},
  Pages                    = {383-390},
  Volume                   = {23}
}

@Article{Savin11,
  Title                    = {Digital human manikins for work-task ergonomic assessment: which degree of confidence and using constraints?},
  Author                   = {J. Savin},
  Journal                  = {Institution of Mechanical Engineers, Part B: Journal of Engineering Manufacture},
  Year                     = {2011},

  Month                    = {August},
  Pages                    = {1401-1409},
  Volume                   = {225}
}

@Article{Schaub97,
  Title                    = {A computer-aided tool for ergonomic workplace design and preventive health care},
  Author                   = {K. Schaub and K. Landau and R. Menges and K. Grossmann},
  Journal                  = {Human Factors and Ergonomics in Manufacturing},
  Year                     = {1997},
  Pages                    = {269-304},
  Volume                   = {7}
}

@Article{DeSchutter09,
  Title                    = {Invariant Description of Rigid Body Motion Trajectories},
  Author                   = {J. De Schutter},
  Journal                  = {ASME Journal of Mechanisms and Robotics},
  Year                     = {2009}
}

@Book{Sciavicco00,
  Title                    = {Modelling and Control of Robot Manipulators},
  Author                   = {L. Sciavicco and B. Siciliano},
  Publisher                = {Springer},
  Year                     = {2000},

  Address                  = {London}
}

@Article{Seidl04,
  Title                    = {The RAMSIS human simulation tool. Working Postures and Movements},
  Author                   = {A. Seidl},
  Journal                  = {Tools for evaluation and Engineering, Ed. By N. J. Delleman, C. M. Haslegrave et D. B. Chaffin CRC Press},
  Year                     = {2004},
  Pages                    = {445-450}
}

@Article{Seireg75,
  Title                    = {The prediction of muscle load sharing and joint forces in the lower extremity during walking},
  Author                   = {A. Seireg and R.J. Arvikar},
  Journal                  = {Journal of Biomechanics},
  Year                     = {1975},
  Pages                    = {89-102},
  Volume                   = {8}
}

@Conference{Sentis04,
  Title                    = {Task-Oriented Control of Humanoid Robots Through Prioritization},
  Author                   = {L. Sentis and O. Khatib},
  Booktitle                = {IEEE RAS/RSJ International Conference on Humanoid Robots},
  Year                     = {2004}
}

@Article{Seth07,
  Title                    = {A neuromusculoskeletal tracking method for estimating individual muscle forces in human movement},
  Author                   = {A. Seth and M.G. Pandy},
  Journal                  = {Journal of Biomechanics},
  Year                     = {2007},
  Pages                    = {356-366},
  Volume                   = {40}
}

@Article{Shadmehr94,
  Title                    = {Adaptive representation of dynamics during learning of a motor task},
  Author                   = {R. Shadmehr and F.A. Mussa-Ivaldi},
  Journal                  = {Journal of Neuroscience},
  Year                     = {1997},
  Pages                    = {3208-3224},
  Volume                   = {14}
}

@Article{Shahrokhi09,
  Title                    = {A framework to develop an analysis agent for evaluating human performance in manufacturing systems},
  Author                   = {M. Shahrokhi and A. Bernard},
  Journal                  = {CIRP Journal of Manufacturing Science and Technology},
  Year                     = {2009},
  Pages                    = {55-60},
  Volume                   = {2}
}

@Book{Sherrington06,
  Title                    = {The Integrative Action of the Nervous System},
  Author                   = {C. S. Sherrington},
  Publisher                = {Cambridge University Press},
  Year                     = {1906},

  Address                  = {Cambridge}
}

@Article{shin:tro:2014,
  Title                    = {Energy-Efficient Gait Planning and Control for Biped Robots Utilizing the Allowable ZMP Region},
  Author                   = {Hyeok-Ki Shin and Byung Kook Kim},
  Journal                  = {Robotics, IEEE Transactions on},
  Year                     = {2014},

  Month                    = {August},
  Number                   = {4},
  Pages                    = {986-993},
  Volume                   = {30},

  __markedentry            = {[sylvain:]},
  Doi                      = {10.1109/TRO.2014.2305792},
  ISSN                     = {1552-3098},
  Keywords                 = {gait analysis;humanoid robots;legged locomotion;nonlinear control systems;path planning;pendulums;stability;3D LIPM;3D linear inverted pendulum mode;DARwIn-OP humanoid robot;GSYN algorithm;ZMP region;biped robots;cyclic steps;energy efficiency;energy-efficient control;energy-efficient gait planning;friction force limit;gait control system;gait parameter optimization;geometrical constraints;humanoid joints;online gait synthesis algorithm;starting step;stopping step;waking stability;walking cycle;walking speed;yawing moment limit;zero moment point region;Digital signal processing;Foot;Force;Legged locomotion;Planning;Trajectory;Allowable zero-moment-point (ZMP) region;energy-efficient gait planning;humanoid robot},
  Owner                    = {sylvain},
  Timestamp                = {2014.10.01}
}

@Conference{Si99,
  Title                    = {Modified Fuzzy Associative Memory Scheme Using Genetic Algorithm},
  Author                   = {J. Si and N. Zhang and R. Tang},
  Booktitle                = {Congress on Evolutionary Computation (CEC)},
  Year                     = {1999},
  Pages                    = {2002-2006},
  Volume                   = {3}
}

@Conference{Siciliano91,
  Title                    = {A general framework for managing multiple tasks in highly redundant robotic systems},
  Author                   = {B. Siciliano and J.J.E. Slotine},
  Booktitle                = {Fifth International Conference on Advanced Robotics},
  Year                     = {1991},
  Pages                    = {1211-1216},
  Volume                   = {2}
}

@Article{Sicre08,
  Title                    = {Modelling gait processes as a combination of sensory-motor and cognitive controls in an attempt to describe accidents on the level in occupational situations},
  Author                   = {A. Sicre and S. Leclercq and C. Gaudez and G. Gauthier and J.L. Vercher and C. Bourdin},
  Journal                  = {Industrial Health},
  Year                     = {2008},
  Pages                    = {3-14},
  Volume                   = {46}
}

@Book{signorini:atti:1933,
  Title                    = {Sopra alcune questioni di elastostatica},
  Author                   = {Antonio Signorini},
  Publisher                = {Atti della Societa Italiana per il Progresso delle Scienze},
  Year                     = {1933}
}

@TechReport{SHARP07,
  Title                    = {Workrelated musculoskeletal disorders of the neck, back, and upper extremity in Washington State, 1997-2005},
  Author                   = {B. Silverstein and D. Adams},
  Institution              = {Safety and Health Assessment and Research for Prevention (SHARP) and Washington State Department of Labor and Industries},
  Year                     = {2007},
  Month                    = {December}
}

@Article{Silverstein86,
  Title                    = {Hand wirst cumulative trauma disorders in industry},
  Author                   = {B.A. Silverstein and L.J. Fine and T.J. Armstrong},
  Journal                  = {British Journal of Industrial Medicine},
  Year                     = {1986},
  Pages                    = {779-784},
  Volume                   = {3}
}

@Book{Sjogaard95,
  Title                    = {Exposure assessment and mechanisms of pathogenesis in work-related musculoskeletal disorders: Significant aspects in the documentation of risk factors},
  Author                   = {G. Sjogaard and O. M. Sejersted and J. Winkel and J. Smolander and K. Jorgensen and R. Westgaard},
  Publisher                = {Work and Health. Scientific Basis of Progress in the Working Environment, edited by O. Svane and C. Johansen},
  Year                     = {1995}
}

@Book{Slotine91,
  Title                    = {Applied Nonlinear Control},
  Author                   = {J.E. Slotine and W. Li},
  Publisher                = {Prentice-Hall},
  Year                     = {1991},

  Address                  = {Englewood Cliff, NJ}
}

@Article{Sluiter01,
  Title                    = {Criteria document for evaluating the work-relatedness of upper-extremity musculoskeletal disorders},
  Author                   = {J.K Sluiter and K.M. Rest and M.H. Frings-Dresen},
  Journal                  = {Scandinivian Journal of Work, Environment and Health},
  Year                     = {2001},
  Pages                    = {1-102},
  Volume                   = {27}
}

@Article{Smith96,
  Title                    = {Does the cerebellum learn strategies for the optimal time-varying control of joint stiffness?},
  Author                   = {A. Smith},
  Journal                  = {Behavioral and Brain Sciences},
  Year                     = {1996},
  Pages                    = {399-410},
  Volume                   = {19}
}

@Article{Smith00,
  Title                    = {The motor dysfunction in Huntington's Disease begins as a disorder in error feedback control},
  Author                   = {M.A. Smith and J. Brandt and R. Shadmehr},
  Journal                  = {Nature},
  Year                     = {2000},
  Pages                    = {544-549},
  Volume                   = {403}
}

@Article{Snook91,
  Title                    = {The design of manual handling tasks : revised tables of maximum acceptable weights and forces},
  Author                   = {S.H. Snook and V.M. Ciriello},
  Journal                  = {Ergonomics},
  Year                     = {1991},
  Pages                    = {1197-1213},
  Volume                   = {34(9)}
}

@Article{Spong05,
  Title                    = {Controlled symmetries and passive walking},
  Author                   = {M. Spong and F. Bullo},
  Journal                  = {IEEE Transactions on Automatic Control},
  Year                     = {2005},
  Pages                    = {1025-1031},
  Volume                   = {50}
}

@Article{Sreng08,
  Title                    = {Contribution of the study of visual, auditory and haptic rendering of information of contact in virtual environments},
  Author                   = {J. Sreng},
  Journal                  = {PhD Thesis},
  Year                     = {2008}
}

@Conference{Stasse08,
  Title                    = {Real time self-collision avoidance task on hrp-2 humanoid robot},
  Author                   = {O. Stasse and A. Escande and N. Mansard and S. Miossec and P. Evrard and A. Kheddar},
  Booktitle                = {IEEE International Conference on Robotics and Automation},
  Year                     = {2008},

  Address                  = {Pasadena, USA},
  Pages                    = {3200-3205}
}

@Book{Strang80,
  Title                    = {Linear algebra and its applications},
  Author                   = {G. Strang},
  Publisher                = {Academic},
  Year                     = {1980},

  Address                  = {New York}
}

@Article{Takahashi01,
  Title                    = {Impedance control and internal model formation when reaching in a randomly varying dynamical environment},
  Author                   = {C.D. Takahashi and R.A. Scheidt and D.J. Reinkensmeyer},
  Journal                  = {Journal of Neurophysiology},
  Year                     = {2001},
  Pages                    = {1047-1051},
  Volume                   = {86}
}

@Article{Tee10,
  Title                    = {Concurrent adaptation of force and impedance in the redundant muscle system},
  Author                   = {K.P. Tee and D.W. Franklin and M. Kawato and T.E. Milner and E. Burdet},
  Journal                  = {Biological Cybernetics},
  Year                     = {2010},
  Pages                    = {31-44},
  Volume                   = {102}
}

@Article{Thelen06,
  Title                    = {Using computed muscle control to generate forward dynamic simulations of human walking from experimental data},
  Author                   = {D.G. Thelen and F.C. Anderson},
  Journal                  = {Journal of Biomechanics},
  Year                     = {2006},
  Pages                    = {1107-1115},
  Volume                   = {39}
}

@Article{Thelen03,
  Title                    = {Generating forward dynamic simulations of movement using computed muscle control},
  Author                   = {D.G. Thelen and F.C. Anderson and S.L. Delp},
  Journal                  = {Journal of Biomechanics},
  Year                     = {2003},
  Pages                    = {321-328},
  Volume                   = {36}
}

@Article{Thelen05,
  Title                    = {Hamstring muscle kinematics during treadmill sprinting},
  Author                   = {D.G. Thelen and E.S. Chumanov and D.M. Hoerth and T.M. Best and S.C. Swanson and L. Li and M. Young and B.C. Heiderscheit},
  Journal                  = {Medicine and science in sports and exercise},
  Year                     = {2005},
  Pages                    = {108-114},
  Volume                   = {37}
}

@Article{Todorov02,
  Title                    = {On the role of primary cortex in arm movement control},
  Author                   = {E. Todorov},
  Journal                  = {Progress in Motor Control III},
  Year                     = {2002}
}

@Article{Todorov02a,
  Title                    = {Optimal feedback control as a theory of motor coordination},
  Author                   = {E. Todorov and M.I. Jordan},
  Journal                  = {Nature Neuroscience},
  Year                     = {2002},
  Pages                    = {1226-1235},
  Volume                   = {5}
}

@Article{Todorov98,
  Title                    = {Smoothness Maximization Along a Predefined Path Accurately Predicts the Speed Profiles of Complex Arm Movements},
  Author                   = {E. Todorov and M.I. Jordan},
  Journal                  = {Journal of Neurophysiology},
  Year                     = {1998},
  Pages                    = {697-714},
  Volume                   = {80}
}

@Article{todorov:aps:1998,
  Title                    = {Smoothness maximisation along a predefined path accurately predicts the speed profiles of complex arm movements},
  Author                   = {Emanuel Todorov and Michael I. Jordan},
  Journal                  = {The American Physiological Society},
  Year                     = {1998},

  Month                    = {April},
  Pages                    = {696-714},

  File                     = {:todorov_aps_1998.pdf:PDF},
  Owner                    = {Giovanni},
  Timestamp                = {2014.09.11}
}

@Conference{Toussaint07,
  Title                    = {Optimization of sequential attractor-based movement for compact behaviour generation},
  Author                   = {M. Toussaint and M. Gienger and C. Goerick},
  Booktitle                = {IEEE International Conference on Humanoid Robots},
  Year                     = {2007}
}

@Article{Tsai10,
  Title                    = {Real-time physics-based 3d biped character animation using an inverted pendulum model},
  Author                   = {Y.Y. Tsai and W.C. Lin and K. Cheng and J. Lee and T.Y. Lee},
  Journal                  = {IEEE Transactions on Visualization and Computer Graphics},
  Year                     = {2010},
  Pages                    = {325-337},
  Volume                   = {16}
}

@Article{VanTulder07,
  Title                    = {Repetitive strain injury},
  Author                   = {M. Van Tulder and A. Malivaara and B. Koes},
  Journal                  = {The Lancet},
  Year                     = {2007},
  Pages                    = {1815-1822},
  Volume                   = {369}
}

@Article{Uno89,
  Title                    = {Formation and control of optimal trajectory in human multijoint arm movement: Minimum torque-change model},
  Author                   = {Y. Uno and M. Kawato and R. Suzuki},
  Journal                  = {Biological Cybernetics},
  Year                     = {1989},
  Pages                    = {89-101},
  Volume                   = {61}
}

@Conference{vaillant:humanoids:14,
  Title                    = {Vertical ladder climbing by the HRP-2 humanoid robot},
  Author                   = {Joris Vaillant and Abderrahmane Kheddar and Herve Audren and François Keith and Stanislas Brossette and Kenji Kaneko and Mitsuharu Morisawa and Eiichi Yoshida and Fumio Kanehiro},
  Booktitle                = {Humanoids},
  Year                     = {2014},

  Address                  = {Madrid},
  Pages                    = {671-676},

  Owner                    = {Giovanni},
  Timestamp                = {2014.09.11}
}

@Article{Vaivre-Douret07,
  Title                    = {Non-verbal learning disabilities: developmental dyspraxia},
  Author                   = {L. Vaivre-Douret},
  Journal                  = {Arch Pediatr},
  Year                     = {2007},
  Pages                    = {1341-1349},
  Volume                   = {14}
}

@Article{VanOort05,
  Title                    = {Strategies for stabilizing a 3d dynamically walking robot},
  Author                   = {G. Van-Oort},
  Journal                  = {University of Twente Student Theses},
  Year                     = {June 2005}
}

@Book{vaughan:kiboho:1992,
  Title                    = {Dynamics of human gait},
  Author                   = {Christopher L Vaughan and Brian L Davis and Jeremy C O'Connor},
  Editor                   = {Christopher Vaughan},
  Publisher                = {Kiboho},
  Year                     = {1992}
}

@Article{Vetter00,
  Title                    = {The CNS updates its context estimate in the absence of feedback},
  Author                   = {P. Vetter and D.M. Wolpert},
  Journal                  = {NeuroReport},
  Year                     = {2000},
  Pages                    = {3783-3786},
  Volume                   = {11}
}

@Book{Vignes04,
  Title                    = {Modeling Muscle Fatigue in Digital Humans},
  Author                   = {R.M. Vignes},
  Publisher                = {Center for Computer-Aided Design},
  Year                     = {2004},

  Address                  = {The University of IOWA. Tech. rep.}
}

@Article{Vink06,
  Title                    = {Positive outcomes of participatory ergonomics in terms of greater comfort and higher productivity},
  Author                   = {P. Vink and E. Koningsveld and J. Molenbroek},
  Journal                  = {Applied Ergonomics},
  Year                     = {2006},
  Pages                    = {537-546},
  Volume                   = {37}
}

@Article{Viviani95,
  Title                    = {Minimum-jerk, two-thirds power law, and isochrony: converging approaches to movement planning},
  Author                   = {P. Viviani and T. Flash},
  Journal                  = {Journal of American Psychology},
  Year                     = {1995},
  Pages                    = {32–53},
  Volume                   = {21}
}

@Article{Viviani91,
  Title                    = {A developmental study of the relationship between geometry and kinematics in drawing movements},
  Author                   = {P. Viviani and R. Schneider},
  Journal                  = {Journal of Experimental Psychology},
  Year                     = {1991},
  Pages                    = {198–218},
  Volume                   = {17}
}

@Article{Viviani82,
  Title                    = {Trajectory determines movement dynamics},
  Author                   = {P. Viviani and C. Terzuolo},
  Journal                  = {Neuroscience},
  Year                     = {1982},
  Pages                    = {431–437},
  Volume                   = {7}
}

@Article{vukobratovic:ijhr:2004,
  Title                    = {Zero-moment point-thirty five years of its life},
  Author                   = {Miomir Vukobratovic and Branislaw Borovac},
  Journal                  = {International Journal of Humanoid Robotics},
  Year                     = {2004},

  Month                    = {January},
  Number                   = {1},
  Pages                    = {157-173},
  Volume                   = {1},

  Date-modified            = {2014-09-04 05:43:33 +0000},
  File                     = {:Vukobratovic_IJHR_2004.pdf:PDF},
  Owner                    = {Giovanni},
  Timestamp                = {2014.09.11}
}

@Article{Vukabratovic1969,
  Title                    = {Contribution to the synthesis of biped gait},
  Author                   = {Miomir Vukobratovic and Davor Juricic},
  Journal                  = {IEEE Transactions on Bio-Medical Engineering},
  Year                     = {1969},

  Month                    = {January},
  Number                   = {1},
  Volume                   = {BME-16},

  Date-modified            = {2014-08-29 10:54:09 +0000},
  File                     = {:vukobratovic_IEEE_1969.pdf:PDF},
  Owner                    = {Giovanni},
  Timestamp                = {2014.09.11}
}

@Article{Vukobratovic74,
  Title                    = {On the stability of anthropomorphic systems},
  Author                   = {M. Vukobratovic and J. Stepanenko},
  Journal                  = {Mathematical Biosciences},
  Year                     = {1974},
  Pages                    = {1–37},
  Volume                   = {15}
}

@Article{Wang08,
  Title                    = {Contribution à la simulation du mouvement humain en vue d’applications en ergonomie},
  Author                   = {X. Wang},
  Journal                  = {Mémoire de HDR, Université Claude Bernard - Lyon I, Report No 5-2008},
  Year                     = {2008},
  Pages                    = {66}
}

@Article{Wessberg00,
  Title                    = {Real-time predication of hand trajetory by ensembles of cortical neurones in primates},
  Author                   = {J. Wessberg and C.R. Stambaugh and J.D. Kralik and P.D. Beck and M. Laubach and J.K. Chapin and J. Kim and S.J. Biggs and M.A. Srinivasan and M.A.L. Nicolelis},
  Journal                  = {Nature},
  Year                     = {2000},
  Pages                    = {361-365},
  Volume                   = {408}
}

@Article{Westling84,
  Title                    = {Factors influencing the force control during precision grip},
  Author                   = {G. Westling and R.S. Johansson},
  Journal                  = {Exp Brain Res},
  Year                     = {1984},
  Pages                    = {277-284},
  Volume                   = {53}
}

@Conference{wieber:humanoids:2006,
  Title                    = {Trajectory free linear model predictive control for stable walking in the presence of strong perturbations},
  Author                   = {Pierre-Brice Wieber},
  Booktitle                = {IEEE-RAS International Conference on Humanoid Robots},
  Year                     = {2006},
  Pages                    = {137 - 142}
}

@InCollection{wieber:springer:2015,
  Title                    = {Modeling and control of legged robots},
  Author                   = {Pierre-Brice Wieber and Scott Kuindersma and Russ Tedrake},
  Booktitle                = {Springer Handbook of Robotics},
  Publisher                = {Springer Berlin Heidelberg},
  Year                     = {2015},
  Edition                  = {2nd},
  Editor                   = {Bruno Siciliano and Oussama Khatib},

  Date-added               = {2014-09-04 05:44:00 +0000},
  Date-modified            = {2014-09-04 05:52:05 +0000},
  Owner                    = {Giovanni},
  Timestamp                = {2014.09.11}
}

@Article{Wilson61,
  Title                    = {The central nervous control of flight in a locust},
  Author                   = {D.M. Wilson},
  Journal                  = {Journal of Experimental Biology},
  Year                     = {1989},
  Pages                    = {471-490},
  Volume                   = {38}
}

@Article{VanderWindt00,
  Title                    = {Occupational risk factors for shoulder pain : a systematic review},
  Author                   = {D. Van-der-Windt and E. Thomas and D.P. Pope and A.F. De-Winter and G.J. Macfarlane and L.M. Bouter and A.J. Silman},
  Journal                  = {Occup Environ Med},
  Year                     = {2000},
  Pages                    = {433-442},
  Volume                   = {57}
}

@Article{winter:gp:1995,
  Title                    = {Human balance and posture control during standing and walking},
  Author                   = {D A Winter},
  Journal                  = {Gait and Posture},
  Year                     = {1995},

  Month                    = {December},
  Pages                    = {193-214},
  Volume                   = {3},

  Date-modified            = {2014-08-29 10:54:42 +0000},
  File                     = {:winter_g&p_1995.pdf:PDF},
  Owner                    = {Giovanni},
  Timestamp                = {2014.09.11}
}

@Article{Winter98,
  Title                    = {Stiffness control of balance in quiet standing},
  Author                   = {D.A. Winter and A.E. Patla and S. Riedtyk and M.G. Ishac},
  Journal                  = {Journal of Neurophysiology},
  Year                     = {1998},
  Pages                    = {1211-1221},
  Volume                   = {80}
}

@Article{Wolpert00,
  Title                    = {Computational Principles of Movement Neuroscience},
  Author                   = {D.M. Wolpert and Z. Ghahramani},
  Journal                  = {Nature Neuroscience},
  Year                     = {2000},
  Pages                    = {1212-1217},
  Volume                   = {3}
}

@Article{Wolpert98,
  Title                    = {Internal models in the cerebellum},
  Author                   = {D.M. Wolpert and C. Miall and M. Kawato},
  Journal                  = {Trends Cognitive Sciences},
  Year                     = {1998},
  Pages                    = {338-347},
  Volume                   = {2}
}

@Article{Won95,
  Title                    = {Stability properties of human reaching movements},
  Author                   = {J. Won and N. Hogan},
  Journal                  = {Experimental Brain Research},
  Year                     = {1995},
  Pages                    = {125-136},
  Volume                   = {107}
}

@Article{Wu05,
  Title                    = {ISB recommendation on definitions of joint coordinate systems of various joints for the reporting of human joint motion—Part II: shoulder, elbow, wrist and hand},
  Author                   = {G. Wu and F.C.T. Van der Helm and H.E.J.Dirk-Jan-Veeger and M. Makhsous and P. Van Roy and C. Anglin and J. Nagels and A.R. Karduna and K. McQuade and X. Wang and F.W. Werner and B. Buchholz},
  Journal                  = {Journal of Biomechanics},
  Year                     = {2005},
  Pages                    = {981-992},
  Volume                   = {38}
}

@Article{Wu10,
  Title                    = {Terrain-adaptive bipedal locomotion control},
  Author                   = {J.C. Wu and Z. Popovi\'c},
  Journal                  = {ACM Trans. Graph.},
  Year                     = {2010},
  Pages                    = {72:1-72:10},
  Volume                   = {29}
}

@Conference{Xinjilefu09,
  Title                    = {Stabilization of the spatial double inverted pendulum using stochastic programming seen as a model of standing postural control},
  Author                   = {X. Xinjilefu and V. Hayward and H. Michalska},
  Booktitle                = {9th IEEE-RAS International Conference on Humanoid Robots (Humanoids)},
  Year                     = {2009},
  Pages                    = {363-372}
}

@Book{Xu03,
  Title                    = {Linear and Nonlinear Iterative Learning Control},
  Author                   = {J.X. Xu and Y. Tan},
  Publisher                = {Springer-Verlag},
  Year                     = {2003}
}

@Article{Yamaguchi90,
  Title                    = {Performing whole-body simulation of gait with 3-D, dynamic musculoskeletal models},
  Author                   = {G.T. Yamaguchi},
  Journal                  = {In Multiple Muscle Systems: Biomechanics and Movement Organization (Eds. J.M. Winters and S. L-Y. Woo)},
  Year                     = {1990},
  Pages                    = {663-679},
  Volume                   = {Springer-Verlag}
}

@Article{Yamaguchi1995,
  Title                    = {A computationally efficient method for solving the redundant problem in biomechanics},
  Author                   = {G.T. Yamaguchi and D.W. Moran and J. Si},
  Journal                  = {Journal of Biomechanics},
  Year                     = {1995},
  Pages                    = {999-1005},
  Volume                   = {8}
}

@Conference{yamaguchi:icmfiis:1996,
  Title                    = {Multisensor foot mechanism with shock absorbing material for dynamic biped walking adapting to unknown uneven surfaces},
  Author                   = {J. Yamaguchi and A. Takanishi},
  Booktitle                = {IEEE International Conference on Multisensor Fusion and Integration for Intelligent systems},
  Year                     = {1996},

  Address                  = {Washington DC, USA},
  Month                    = {December},
  Pages                    = {233-240},

  Owner                    = {Giovanni},
  Timestamp                = {2014.09.11}
}

@Conference{Yamaguchi95,
  Title                    = {Experimental development of a foot mechanism with shock absorbing material for acquisition of landing surface position information and stabilization of dynamic biped walking},
  Author                   = {J. Yamaguchi and A. Takanishi and I. Kato},
  Booktitle                = {IEEE International Conference on Robotics and Automation},
  Year                     = {1995},

  Address                  = {Nagoya, Japan},
  Month                    = {May},
  Pages                    = {2892-2899},

  Owner                    = {Giovanni},
  Timestamp                = {2014.09.11}
}

@Book{yamazaki:asakura:1999,
  Title                    = {Encyclopedia of Foot},
  Author                   = {N. Yamazaki and T. Suzuki and M. Kouchi and A. Kusunoki and S. Nishizawa},
  Publisher                = {Asakura Syoten},
  Year                     = {1999 (in Japanese)},

  Owner                    = {Giovanni},
  Timestamp                = {2014.09.11}
}

@Article{Yang11,
  Title                    = {Human like adaptation of force and impedance in stable and unstable interactions},
  Author                   = {C. Yang and G. Ganesh and S. Haddadin and S. Parusel and A. Albu-Schaeffer and E. Burdet},
  Journal                  = {Transactions on Robotics},
  Year                     = {2011},
  Pages                    = {918-930},
  Volume                   = {27}
}

@Conference{Yang04,
  Title                    = {Multi-objective optimization for upper body posture prediction},
  Author                   = {J. Yang and R.T. Marler and H. Kim and J.S. Arora},
  Booktitle                = {10th AIAA/ISSMO multidisciplinary analysis and optimization conference},
  Year                     = {2004}
}

@Conference{Ye10,
  Title                    = {Optimal feedback control for character animation using an abstract model},
  Author                   = {Y. Ye and C. K. Liu},
  Booktitle                = {ACM Trans. Graph.},
  Year                     = {2010},
  Pages                    = {74:1-74:9},
  Volume                   = {29}
}

@Conference{Yoshizaki11,
  Title                    = {An actuated physical puppet as an input device for controlling a digital manikin},
  Author                   = {W. Yoshizaki and Y. Suguira and A.C. Chiou and S. Hashimoto and M. Inami and T. Igarashi and Y. Akazawa and K. Kawachi and S. Kagami and M. Mochimaru},
  Booktitle                = {SIGCHI Conference on Human Factors in Computing Systems},
  Year                     = {2011},

  Address                  = {New York, USA},
  Pages                    = {637-646}
}

@Article{Zulch12,
  Title                    = {Features and limitations of digital human models - a new German guideline},
  Author                   = {G. Zülch},
  Journal                  = {Work: A Journal of Prevention, Assessment and Rehabilitation},
  Year                     = {2012},
  Pages                    = {2253-2259},
  Volume                   = {41}
}

@Article{Zhang10,
  Title                    = {Using artificial neural networks for human body posture prediction},
  Author                   = {B. Zhang and I. Horvath and J.F.M. Molenbroek and C. Snijders},
  Journal                  = {International Journal of Industrial Ergonomics},
  Year                     = {2010},
  Pages                    = {414-424},
  Volume                   = {40}
}

@Article{Zhang05,
  Title                    = {Digital human modeling for computer-aided ergonomics},
  Author                   = {X. Zhang and D.B. Chaffin},
  Journal                  = {Handbook of Occupational Ergonomics,CRC Press},
  Year                     = {2005}
}

@Article{Zhang98,
  Title                    = {Optimization-based differential kinematic modeling exhibits a velocity-control strategy for dynamic posture determination in seated reaching movements},
  Author                   = {X. Zhang and A.D. Kuo and D.B. Chaffin},
  Journal                  = {Journal of Biomechanics},
  Year                     = {1998},
  Pages                    = {1035-1042},
  Volume                   = {31}
}

@Article{Zhang00,
  Title                    = {Back lift versus leg lift: an index and visualization of dynamic lifting strategies},
  Author                   = {X. Zhang and M.A. Nussbaum and D.B. Chaffin},
  Journal                  = {Journal of Biomechanics},
  Year                     = {2000},
  Pages                    = {777-782},
  Volume                   = {33}
}

@Article{Zhao94,
  Title                    = {Inverse kinematics positioning using nonlinear programming for highly articulated figures},
  Author                   = {J. Zhao and N.I. Badler},
  Journal                  = {ACM Transaction on Graphics},
  Year                     = {1994},
  Pages                    = {313-336}
}

@Conference{zhu:iros:2003,
  Title                    = {Walking principle analysis for biped robot with zmp concept, friction constraint, and inverted pendulum model},
  Author                   = {Chi Zhu and Atsuo Kawamura},
  Booktitle                = {IEEE/RSJ International Conference on Intelligente Robots and Systems},
  Year                     = {2003},

  Address                  = {Las Vegas, Nevada},
  Month                    = {october},
  Pages                    = {364-369},

  Date-modified            = {2014-08-29 10:55:10 +0000},
  File                     = {:zhu_icirs_2003.pdf:PDF},
  Owner                    = {Giovanni},
  Timestamp                = {2014.09.11}
}

@Conference{zhu:icrb:2004,
  Title                    = {Biped walking with variable zmp, frictionnal constraint and inverted pendulum model},
  Author                   = {Chi Zhu and Yoshihito Tomizawa and Xiang Luo and Atsuo Kawamura},
  Booktitle                = {IEEE International Conference on Robotics and Biomimetics},
  Year                     = {2004},

  Address                  = {shenyang, China},
  Month                    = {August 22 - 26},
  Pages                    = {425-430},

  File                     = {:zhu_icrb_2004.pdf:PDF},
  Owner                    = {Giovanni},
  Timestamp                = {2014.09.11}
}

@Article{zingg:sda:2008,
  Title                    = {Comparative Evaluation of Genetic and Gradient-Based Algorithms Applied to Aerodynamic Optimization},
  Author                   = {D. Zingg and M. Nemec and T. H. Pulliam},
  Journal                  = {Shape design in aerodynamics REMN},
  Year                     = {2008},
  Pages                    = {103-126},
  Volume                   = {17}
}

@Conference{Zordan99,
  Title                    = {Tracking and modifying upper-body human motion data with dynamic simulation},
  Author                   = {V.B. Zordan and J.K. Hodgins},
  Booktitle                = {Eurographic Workshop on Computer Animation and Simulation},
  Year                     = {1999}
}

@Conference{,
  Owner                    = {Giovanni},
  Timestamp                = {2014.09.11}
}

